% review revision
@INPROCEEDINGS{ agrawal2015,
    author={Agrawal, Pulkit and Carreira, Jo{\~{a}}o and Malik, Jitendra},
    booktitle={2015 IEEE International Conference on Computer Vision (ICCV)},
    title={Learning to See by Moving},
    year={2015},
    volume={},
    number={},
    pages={37-45},
    doi={10.1109/ICCV.2015.13},
}


@article{ amirshahi2016,
Author = {Amirshahi, Seyed Ali and Pedersen, Marius and Yu, Stella X.},
Title = {{Image Quality Assessment by Comparing CNN Features between Images}},
Journal = {{Journal of Imaging Sience and Technology}},
Year = {2016},
Volume = {{60}},
Number = {{6}},
DOI = {10.2352/J.ImagingSci.Technol.2016.60.6.060410},
Article-Number = {{060410}},
Unique-ID = {{ISI:000393112000012}},
}


% review revision
@article{ bachman2019,
  author    = {Philip Bachman and
               R. Devon Hjelm and
               William Buchwalter},
  title     = {Learning Representations by Maximizing Mutual Information Across Views},
  journal   = {CoRR},
  volume    = {abs/1906.00910},
  year      = {2019},
  url       = {http://arxiv.org/abs/1906.00910},
  archivePrefix = {arXiv},
  eprint    = {1906.00910},
}


@article{ bell2015,
Author = {Bell, Sean and Bala, Kavita},
Title = {{Learning visual similarity for product design with convolutional neural networks}},
Journal = {{ACM Transactions on Graphics}},
Year = {2015},
Volume = {{34}},
Number = {{4}},
DOI = {10.1145/2766959},
Article-Number = {{98}},
pages = {98:1--98:10},
Unique-ID = {{ISI:000358786600064}},
}


@article{ benajiba2018,
  author    = {Yassine Benajiba and
               Jin Sun and
               Yong Zhang and
               Longquan Jiang and
               Zhiliang Weng and
               Or Biran},
  title     = {Siamese Networks for Semantic Pattern Similarity},
  journal   = {CoRR},
  volume    = {abs/1812.06604},
  year      = {2018},
  url       = {http://arxiv.org/abs/1812.06604},
  archivePrefix = {arXiv},
  eprint    = {1812.06604},
}


@inproceedings{ berardino2017,
Author = {Berardino, Alexander and Balle, Johannes and Laparra, Valero and
   Simoncelli, Eero},
Title = {{Eigen-Distortions of Hierarchical Representations}},
Booktitle = {{Advances in Neural Information Processing Systems 30 (NIPS 2017)}},
Year = {2017},
Volume = {{30}},
Unique-ID = {{ISI:000452649403058}},
url       = {http://arxiv.org/abs/1710.02266},
archivePrefix = {arXiv},
eprint    = {1710.02266},
}


@inproceedings{ bertinetto2016,
Author = {Bertinetto, Luca and Valmadre, Jack and Henriques, Joao F. and Vedaldi,
   Andrea and Torr, Philip H. S.},
Title = {{Fully-Convolutional Siamese Networks for Object Tracking}},
Booktitle = {{Computer Vision - ECCV 2016 Workshops, PT II}},
Year = {2016},
Volume = {{9914}},
Pages = {{850-865}},
DOI = {10.1007/978-3-319-48881-3_56},
Unique-ID = {{ISI:000389501700056}},
}


@inproceedings{ bosse2016,
Author = {Bosse, Sebastian and Maniry, Dominique and Mueller, Klaus-Robert and
   Wiegand, Thomas and Samek, Wojciech},
Book-Group-Author = {{IEEE}},
Title = {{Neural Network-Based Full-Reference Image Quality Assessment}},
Booktitle = {{2016 Picture Coding Symposium (PCS)}},
Year = {2016},
Unique-ID = {{ISI:000405946900068}},
doi={10.1109/PCS.2016.7906376},
}


@article{ brummit2009,
title = "A search for the simplest chaotic partial differential equation",
journal = "Physics Letters A",
volume = "373",
number = "31",
pages = "2717 - 2721",
year = "2009",
doi = "10.1016/j.physleta.2009.05.050",
author = "Charles D. Brummitt and Julien Clinton Sprott",
}


@article{ chandar2016,
author = {Chandar, Sarath and Khapra, Mitesh M. and Larochelle, Hugo and Ravindran, Balaraman},
title = {Correlational Neural Networks},
journal = {Neural Computation},
volume = {28},
number = {2},
pages = {257-285},
year = {2016},
doi = {10.1162/NECO_a_00801},
}


% sim / PDE evaluations
@article{christie2005,
  author =	 {Christie, Michael A. and Glimm, James and Grove, John W. and Higdon, David M. and Sharp, David H. and Wood-Schultz, Merri M.},
  title =	 {Error analysis and simulations of complex phenomena},
  journal =	 {Los Alamos Science},
  year =	 2005,
  volume =	 29,
  number =	 29,
  pages =	 {6--25},
}


@article{ chu2017,
Author = {Chu, Mengyu and Thuerey, Nils},
Title = {{Data-Driven Synthesis of Smoke Flows with CNN-based Feature Descriptors}},
Journal = {{ACM Transactions on Graphics}},
Year = {2017},
Volume = {{36}},
Number = {{4}},
DOI = {10.1145/3072959.3073643},
Article-Number = {{69}},
pages = {69:1--69:14},
Unique-ID = {{ISI:000406432100037}},
}


@article{ deissler1986,
Author = {Deissler, Robert},
Title = {Is Navier-Stokes turbulence chaotic?},
Journal = {{Physics of Fluids}},
Year = {{1986}},
Volume = {{29}},
Number = {{5}},
Pages = {{1453-1457}},
DOI = {10.1063/1.865663},
Unique-ID = {{ISI:A1986C238500018}},
}


@inproceedings{ dosovitskiy2016,
Author = {Dosovitskiy, Alexey and Brox, Thomas},
Title = {{Generating Images with Perceptual Similarity Metrics based on Deep
   Networks}},
Booktitle = {{Advances in Neural Information Processing Systems 29 (NIPS 2016)}},
Year = {2016},
Volume = {{29}},
Unique-ID = {{ISI:000458973701015}},
url       = {http://arxiv.org/abs/1602.02644},
archivePrefix = {arXiv},
eprint    = {1602.02644},
}


@article{ eckert2019,
  author = {Eckert, Marie-Lena and Um, Kiwon and Thuerey, Nils},
  title = {ScalarFlow: A Large-Scale Volumetric Data Set of Real-world Scalar Transport Flows for Computer Animation and Machine Learning},
  journal={ACM Transactions on Graphics},
  volume = {38},
  number = {6},
  Article-Number = {{239}},
  year={2019},
  doi = {10.1145/3355089.3356545},
}


@article{ geirhos2018,
 author    = {Robert Geirhos and
               Patricia Rubisch and
               Claudio Michaelis and
               Matthias Bethge and
               Felix A. Wichmann and
               Wieland Brendel},
  title     = {ImageNet-trained CNNs are biased towards texture; increasing shape
               bias improves accuracy and robustness},
  journal   = {CoRR},
  volume    = {abs/1811.12231},
  year      = {2018},
  url       = {http://arxiv.org/abs/1811.12231},
  archivePrefix = {arXiv},
  eprint    = {1811.12231},
}


@book{ goodfellow2016,
    title={Deep Learning},
    author={Ian Goodfellow and Yoshua Bengio and Aaron Courville},
    publisher={MIT Press},
    url = {http://www.deeplearningbook.org},
    year={2016}
}


@article{haben2014,
  title={A new error measure for forecasts of household-level, high resolution electrical energy consumption},
  author={Haben, Stephen and Ward, Jonathan and Greetham, Danica Vukadinovic and Singleton, Colin and Grindrod, Peter},
  journal={International Journal of Forecasting},
  volume={30},
  number={2},
  pages={246--256},
  year={2014},
  doi = {10.1016/j.ijforecast.2013.08.002},
}


@inproceedings{ hadsell2006,
author={R. {Hadsell} and S. {Chopra} and Y. {LeCun}},
booktitle={2006 IEEE Computer Society Conference on Computer Vision and Pattern Recognition (CVPR'06)},
title={Dimensionality Reduction by Learning an Invariant Mapping},
year={2006},
volume={2},
number={},
pages={1735-1742},
doi={10.1109/CVPR.2006.100},
}


@article{ hanif2019,
Author = {Hanif, Muhammad Shehzad},
Title = {{Patch match networks: Improved two-channel and Siamese networks for
   image patch matching}},
Journal = {{Pattern Recognition Letters}},
Year = {2019},
Volume = {{120}},
Pages = {{54-61}},
DOI = {10.1016/j.patrec.2019.01.005},
Unique-ID = {{ISI:000459875100009}},
}


@article{ he2019,
Author = {He, Haiqing and Chen, Min and Chen, Ting and Li, Dajun and Cheng,
   Penggen},
Title = {{Learning to match multitemporal optical satellite images using
   multi-support-patches Siamese networks}},
Journal = {{Remote Sensing Letters}},
Year = {2019},
Volume = {{10}},
Number = {{6}},
Pages = {{516-525}},
DOI = {10.1080/2150704X.2019.1577572},
Unique-ID = {{ISI:000458398200001}},
}


@inproceedings{he2016,
  title={Deep residual learning for image recognition},
  author={He, Kaiming and Zhang, Xiangyu and Ren, Shaoqing and Sun, Jian},
  booktitle={2016 IEEE Conference on Computer Vision and Pattern Recognition (CVPR)},
  pages={770--778},
  year={2016},
  doi={10.1109/CVPR.2016.90},
}

% review revision:
@article{ henaff2019,
  author    = {Olivier J. H{\'{e}}naff and
               Ali Razavi and
               Carl Doersch and
               S. M. Ali Eslami and
               A{\"{a}}ron van den Oord},
  title     = {Data-Efficient Image Recognition with Contrastive Predictive Coding},
  journal   = {CoRR},
  volume    = {abs/1905.09272},
  year      = {2019},
  url       = {http://arxiv.org/abs/1905.09272},
  archivePrefix = {arXiv},
  eprint    = {1905.09272},
}


@article{ horn1981,
  title =	 {Determining optical flow},
  author =	 {Horn, Berthold KP and Schunck, Brian G},
  journal =	 {Artificial intelligence},
  volume =	 17,
  number =	 {1-3},
  pages =	 {185--203},
  year =	 1981,
  doi = {10.1016/0004-3702(81)90024-2},
}


@inproceedings{huang2017,
  title={Densely connected convolutional networks},
  author={Huang, Gao and Liu, Zhuang and Van Der Maaten, Laurens and Weinberger, Kilian Q},
  booktitle={2017 IEEE Conference on Computer Vision and Pattern Recognition (CVPR)},
  pages={2261-2269},
  year={2017},
  doi={10.1109/CVPR.2017.243},
}


@article{ iandola2016,
  author    = {Forrest N. Iandola and
               Matthew W. Moskewicz and
               Khalid Ashraf and
               Song Han and
               William J. Dally and
               Kurt Keutzer},
  title     = {SqueezeNet: AlexNet-level accuracy with 50x fewer parameters and {\textless}1MB
               model size},
  journal   = {CoRR},
  volume    = {abs/1602.07360},
  year      = {2016},
  url       = {http://arxiv.org/abs/1602.07360},
  archivePrefix = {arXiv},
  eprint    = {1602.07360},
}


@article{ ilg2016,
  author    = {Eddy Ilg and
               Nikolaus Mayer and
               Tonmoy Saikia and
               Margret Keuper and
               Alexey Dosovitskiy and
               Thomas Brox},
  title     = {FlowNet 2.0: Evolution of Optical Flow Estimation with Deep Networks},
  journal   = {CoRR},
  volume    = {abs/1612.01925},
  year      = {2016},
  url       = {http://arxiv.org/abs/1612.01925},
  archivePrefix = {arXiv},
  eprint    = {1612.01925},
}


@inproceedings{ johnson2016,
Author = {Johnson, Justin and Alahi, Alexandre and Li Fei-Fei},
Title = {{Perceptual Losses for Real-Time Style Transfer and Super-Resolution}},
Booktitle = {{Computer Vision - ECCV 2016, PT II}},
Year = {2016},
Volume = {{9906}},
Pages = {{694-711}},
DOI = {10.1007/978-3-319-46475-6_43},
Unique-ID = {{ISI:000389383900043}},
}


@book{ jolliffe2012,
  title={Forecast verification: a practitioner's guide in atmospheric science},
  author={Jolliffe, Ian T. and Stephenson, David B.},
  year={2012},
  publisher={John Wiley \& Sons},
  DOI = {10.1002/9781119960003},
}


@inproceedings{ kang2014,
Author = {Kang, Le and Ye, Peng and Li, Yi and Doermann, David},
Book-Group-Author = {{IEEE}},
Title = {{Convolutional Neural Networks for No-Reference Image Quality Assessment}},
Booktitle = {{2014 IEEE Conference on Computer Vision and Pattern Recognition (CVPR)}},
Year = {2014},
Pages = {{1733-1740}},
DOI = {10.1109/CVPR.2014.224},
Unique-ID = {{ISI:000361555601099}},
}


% sim / PDE evaluations,  newer, more specialized
@article{kat2012,
  author =	 {Cor-Jacques Kat and Pieter Schalk Els },
  title =	 {Validation metric based on relative error},
  journal =	 {Mathematical and Computer Modelling of Dynamical Systems},
  volume =	 18,
  number =	 5,
  pages =	 {487-520},
  year =	 2012,
  publisher =	 {Taylor \& Francis},
  doi =		 {10.1080/13873954.2012.663392},
}


% displacement and amplitude score, weather forecasting
@article{keil2009,
  title={A displacement and amplitude score employing an optical flow technique},
  author={Keil, Christian and Craig, George C},
  journal={Weather and Forecasting},
  volume={24},
  number={5},
  pages={1297--1308},
  year={2009},
  doi = {10.1175/2009WAF2222247.1},
}


@inproceedings{ kim2017,
Author = {Kim, Jongyoo and Lee, Sanghoon},
Book-Group-Author = {{IEEE}},
Title = {{Deep Learning of Human Visual Sensitivity in Image Quality Assessment
   Framework}},
Booktitle = {{30TH IEEE Conference on Computer Vision and Pattern Recognition (CVPR 2017)}},
Year = {2017},
Pages = {{1969-1977}},
DOI = {10.1109/CVPR.2017.213},
Unique-ID = {{ISI:000418371402005}},
}


@article{ krizhevsky2017,
author = {Krizhevsky, Alex and Sutskever, Ilya and Hinton, Geoffrey E.},
title = {ImageNet Classification with Deep Convolutional Neural Networks},
journal = {Communications of the ACM},
issue_date = {June 2017},
volume = {60},
number = {6},
year = {2017},
pages = {84--90},
numpages = {7},
doi = {10.1145/3065386},
acmid = {3065386},
address = {New York, NY, USA},
} 


@article{ larson2010,
Author = {Larson, Eric C. and Chandler, Damon M.},
Title = {{Most apparent distortion: full-reference image quality assessment and
   the role of strategy}},
Journal = {{Journal of Electronic Imaging}},
Year = {2010},
Volume = {{19}},
Number = {{1}},
DOI = {10.1117/1.3267105},
Article-Number = {{011006}},
Unique-ID = {{ISI:000276944100006}},
}


% plasma physics
@article{lin1998,
  title =	 {Turbulent transport reduction by zonal flows: Massively parallel simulations},
  author =	 {Lin, Zhihong and Hahm, Taik Soo and Lee, W.W. and Tang, William M. and White, Roscoe B},
  journal =	 {Science},
  volume =	 281,
  number =	 5384,
  pages =	 {1835--1837},
  year =	 1998,
  publisher = {American Association for the Advancement of Science},
  doi = {10.1126/science.281.5384.1835},
}


@inproceedings{ liu2014,
Author = {Liu, Xinwei and Pedersen, Marius and Hardeberg, Jon Yngve},
Title = {{CID:IQ - A New Image Quality Database}},
Booktitle = {{Image and Signal Processing, ICISP 2014}},
Year = {2014},
Volume = {{8509}},
Pages = {{193-202}},
Unique-ID = {{ISI:000342775600022}},
doi= {10.1007/978-3-319-07998-1_22}
}


% turbulence
@article{moin1998,
  title={Direct numerical simulation: a tool in turbulence research},
  author={Moin, Parviz and Mahesh, Krishnan},
  journal={Annual review of fluid mechanics},
  volume={30},
  number={1},
  pages={539--578},
  year={1998},
  publisher={Annual Reviews},
  doi = {10.1146/annurev.fluid.30.1.539},
}


% HVS
@article{neri2002,
  title =	 {Spatiotemporal Mechanisms for Detecting and Identifying Image Features in Human Vision},
  volume =	 5,
  copyright =	 {2002 Nature Publishing Group},
  doi =		 {10.1038/nn886},
  number =	 8,
  journal =	 {Nature Neuroscience},
  author =	 {Neri, Peter and Heeger, David J.},
  year =	 2002,
  pages =	 {812-816}
}


% sim / PDE evaluations
@article{oberkampf2004,
  title =	 {Verification, validation, and predictive capability in computational engineering and physics},
  journal =	 {Applied Mechanics Reviews},
  publisher =	 {ASME},
  doi =		 {10.1115/1.1767847},
  author =	 {Oberkampf, William L and Trucano, Timothy G and Hirsch, Charles},
  volume =	 57,
  issue =	 5,
  pages =	 {345--384},
  year =	 2004,
}


@article{ oliva2006,
 author = {Oliva, Aude and Torralba, Antonio and Schyns, Philippe G.},
 title = {Hybrid Images},
 journal = {ACM Transactions on Graphics},
 issue_date = {July 2006},
 volume = {25},
 number = {3},
 year = {2006},
 pages = {527--532},
 numpages = {6},
 doi = {10.1145/1141911.1141919},
}


@article{ pearson1920,
    author = {Pearson, Karl},
    title = "{Notes on the History of Correlation}",
    journal = {Biometrika},
    volume = {13},
    number = {1},
    pages = {25-45},
    year = {1920},
    doi = {10.1093/biomet/13.1.25},
}


@inproceedings{perlman2007,
  title = {Data Exploration of Turbulence Simulations Using a Database Cluster},
  booktitle = {SC '07: Proceedings of the 2007 ACM/IEEE Conference on Supercomputing},
  author = {Perlman, Eric and Burns, Randal and Li, Yi and Meneveau, Charles},
  year = {2007},
  pages = {1--11},
  doi = {10.1145/1362622.1362654}
}


% turbulent combustion
@article{pitsch2006,
  title={Large-eddy simulation of turbulent combustion},
  author={Pitsch, Heinz},
  journal={Annu. Rev. Fluid Mech.},
  volume={38},
  pages={453--482},
  year={2006},
  doi = {10.1146/annurev.fluid.38.050304.092133},
}


@article{ ponomarenko2015,
Author = {Ponomarenko, Nikolay and Jin, Lina and Ieremeiev, Oleg and Lukin,
   Vladimir and Egiazarian, Karen and Astola, Jaakko and Vozel, Benoit and
   Chehdi, Kacem and Carli, Marco and Battisti, Federica and Kuo, C. -C.
   Jay},
Title = {{Image database TID2013: Peculiarities, results and perspectives}},
Journal = {{Signal Processing-Image Communication}},
Year = {2015},
Volume = {{30}},
Pages = {{57-77}},
DOI = {10.1016/j.image.2014.10.009},
Unique-ID = {{ISI:000348269900003}},
}


@article{ prashnani2018,
author    = {Ekta Prashnani and
               Hong Cai and
               Yasamin Mostofi and
               Pradeep Sen},
title     = {PieAPP: Perceptual Image-Error Assessment through Pairwise Preference},
journal   = {CoRR},
volume    = {abs/1806.02067},
year      = {2018},
url       = {http://arxiv.org/abs/1806.02067},
archivePrefix = {arXiv},
eprint    = {1806.02067},
}


@article{ rasp2020,
  title = {WeatherBench: A Benchmark Dataset for Data-Driven Weather Forecasting},
  author = {Rasp, Stephan and Dueben, Peter and Scher, Sebastian and Weyn, Jonathan and Mouatadid, Soukayna and Thuerey, Nils},
  year = {2020},
  journal   = {CoRR},
  volume    = {abs/2002.00469},
  url       = {http://arxiv.org/abs/2002.00469},
  archivePrefix = {arXiv},
  eprint = {2002.00469},
}
@misc{ rasp2020url,
  title = {WeatherBench: A Benchmark Dataset for Data-Driven Weather Forecasting},
  author = {Rasp, Stephan and Dueben, Peter and Scher, Sebastian and Weyn, Jonathan and Mouatadid, Soukayna and Thuerey, Nils},
  year = {2020},
  url = {https://github.com/pangeo-data/WeatherBench}
}


@article{ ronneberger2015,
  author    = {Olaf Ronneberger and
               Philipp Fischer and
               Thomas Brox},
  title     = {U-Net: Convolutional Networks for Biomedical Image Segmentation},
  journal   = {CoRR},
  volume    = {abs/1505.04597},
  year      = {2015},
  url       = {http://arxiv.org/abs/1505.04597},
  archivePrefix = {arXiv},
  eprint    = {1505.04597},
}


@InProceedings{ ruder2016,
 author={Ruder, Manuel and Dosovitskiy, Alexey and Brox, Thomas},
 title={Artistic Style Transfer for Videos},
 booktitle={Pattern Recognition},
 year={2016},
 pages={26--36},
 doi={10.1007/978-3-319-45886-1_3},
}


@inproceedings{ simonyan2015,
  author    = {Karen Simonyan and
               Andrew Zisserman},
  title     = {Very Deep Convolutional Networks for Large-Scale Image Recognition},
  booktitle = {{ICLR}},
  year      = {2015},
  url       = {http://arxiv.org/abs/1409.1556},
  archivePrefix = {arXiv},
  eprint = {1409.1556},
}


@article{ spearman1904,
 author = {Charles Spearman},
 journal = {The American Journal of Psychology},
 number = {1},
 pages = {72--101},
 publisher = {University of Illinois Press},
 title = {The Proof and Measurement of Association between Two Things},
 volume = {15},
 year = {1904},
 doi={10.2307/1412159},
}


@inproceedings{ talebi2018a,
Author = {Talebi, Hossein and Milanfar, Peyman},
Book-Group-Author = {{IEEE}},
Title = {{Learned Perceptual Image Enhancement}},
Booktitle = {{2018 IEEE International Conference on Computational Photography (ICCP)}},
Year = {2018},
Unique-ID = {{ISI:000435001500014}},
doi={10.1109/ICCPHOT.2018.8368474},
}


@article{ talebi2018b,
Author = {Talebi, Hossein and Milanfar, Peyman},
Title = {{NIMA: Neural Image Assessment}},
Journal = {{IEEE Transactions on Image Processing}},
Year = {2018},
Volume = {{27}},
Number = {{8}},
Pages = {{3998-4011}},
DOI = {10.1109/TIP.2018.2831899},
Unique-ID = {{ISI:000432451000005}},
}


@article{ thuerey2018,
  author    = {Nils Thuerey and
               Konstantin Weissenow and
               Harshit Mehrotra and
               Nischal Mainali and
               Lukas Prantl and
               Xiangyu Hu},
  title     = {Well, how accurate is it? {A} Study of Deep Learning Methods for Reynolds-Averaged
               Navier-Stokes Simulations},
  journal   = {CoRR},
  volume    = {abs/1810.08217},
  year      = {2018},
  url       = {http://arxiv.org/abs/1810.08217},
  archivePrefix = {arXiv},
  eprint    = {1810.08217},
}


@article{ um2017,
Author = {Um, Kiwon and Hu, Xiangyu and Thuerey, Nils},
Title = {{Perceptual Evaluation of Liquid Simulation Methods}},
Journal = {{ACM Transactions on Graphics}},
Year = {2017},
Volume = {{36}},
Number = {{4}},
DOI = {10.1145/3072959.3073633},
Article-Number = {{143}},
Unique-ID = {{ISI:000406432100111}},
}


@article{ um2019,
Author = {Um, Kiwon and Hu, Xiangyu and Wang, Bing and Thuerey, Nils},
Title = {{Spot the Difference: Accuracy of Numerical Simulations via the Human Visual System}},
Journal   = {CoRR},
volume    = {abs/1907.04179},
Year      = {2019},
Url       = {http://arxiv.org/abs/1907.04179},
ArchivePrefix = {arXiv},
Eprint    = {1907.04179},
}

% review revision
@INPROCEEDINGS{ wang2015,
    author={Wang, Xiaolong and Gupta, Abhinav},
    booktitle={2015 IEEE International Conference on Computer Vision (ICCV)},
    title={Unsupervised Learning of Visual Representations Using Videos},
    year={2015},
    volume={},
    number={},
    pages={2794-2802},
    doi={10.1109/ICCV.2015.320},
}
    
    
@article{ wang2004,
    Author = {Wang, Zhou and Bovik, Alan Conrad and Sheikh, Hamid Rahim and Simoncelli, Eero},
    Title = {{Image quality assessment: From error visibility to structural similarity}},
    Journal = {{IEEE Transactions on Image Processing}},
    Year = {2004},
    Volume = {{13}},
    Number = {{4}},
    Pages = {{600-612}},
    DOI = {10.1109/TIP.2003.819861},
    Unique-ID = {{ISI:000220784600014}},
}


@inproceedings{ wang2018,
Author = {Wang, Zhenyu and Zhang, Jinsong and Xie, Yanlu},
Book-Group-Author = {{IEEE}},
Title = {{L2 Mispronunciation Verification Based on Acoustic Phone Embedding and
   Siamese Networks}},
Booktitle = {{2018 11TH International Symposium on Chinese Spoken Language Processing (ISCSLP)}},
Year = {2018},
Pages = {{444-448}},
Unique-ID = {{ISI:000469313700090}},
doi = {10.1109/ISCSLP.2018.8706597},
}


@article{ welford1962,
author = { B. P. Welford },
title = {Note on a Method for Calculating Corrected Sums of Squares and Products},
journal = {Technometrics},
volume = {4},
number = {3},
pages = {419-420},
year  = {1962},
doi = {10.1080/00401706.1962.10490022},
}


@inproceedings{ zhang2017,
Author = {Zhang, Yichi and Duan, Zhiyao},
Book-Group-Author = {{IEEE}},
Title = {{IMINET: Convolutional Semi-Siamese Networks for Sound Search by Vocal Imitation}},
Booktitle = {{2017 IEEE Workshop on Applications of Signal Processing to Audio and Acoustics}},
Year = {2017},
Pages = {{304-308}},
Unique-ID = {{ISI:000426939000062}},
doi={10.1109/TASLP.2018.2868428},
}


@inproceedings{ zhang2018,
Author = {Zhang, Richard and Isola, Phillip and Efros, Alexei A. and Shechtman,
   Eli and Wang, Oliver},
Book-Group-Author = {{IEEE}},
Title = {{The Unreasonable Effectiveness of Deep Features as a Perceptual Metric}},
Booktitle = {{2018 IEEE Conference on Computer Vision and Pattern Recognition (CVPR)}},
Year = {2018},
Pages = {{586-595}},
DOI = {10.1109/CVPR.2018.00068},
Unique-ID = {{ISI:000457843600061}},
}


@inproceedings{ zhu2005,
author = {Zhu, Yongning and Bridson, Robert},
title = {Animating Sand As a Fluid},
booktitle = {ACM SIGGRAPH 2005 Papers},
year = {2005},
pages = {965--972},
numpages = {8},
doi = {10.1145/1186822.1073298},
acmid = {1073298},
address = {New York, NY, USA},
}


