@article{ amirshahi2016,
Author = {Amirshahi, Seyed Ali and Pedersen, Marius and Yu, Stella X.},
Title = {{Image Quality Assessment by Comparing CNN Features between Images}},
Journal = {{Journal of Imaging Sience and Technology}},
Year = {2016},
Volume = {{60}},
Number = {{6}},
DOI = {10.2352/J.ImagingSci.Technol.2016.60.6.060410},
Article-Number = {{060410}},
Unique-ID = {{ISI:000393112000012}},
}

@inproceedings{ berardino2017,
Author = {Berardino, Alexander and Balle, Johannes and Laparra, Valero and
   Simoncelli, Eero},
Title = {{Eigen-Distortions of Hierarchical Representations}},
Booktitle = {{Advances in Neural Information Processing Systems 30 (NIPS 2017)}},
Year = {2017},
Volume = {{30}},
Unique-ID = {{ISI:000452649403058}},
url       = {http://arxiv.org/abs/1710.02266},
archivePrefix = {arXiv},
eprint    = {1710.02266},
}

@inproceedings{ bosse2016,
Author = {Bosse, Sebastian and Maniry, Dominique and Mueller, Klaus-Robert and
   Wiegand, Thomas and Samek, Wojciech},
Book-Group-Author = {{IEEE}},
Title = {{Neural Network-Based Full-Reference Image Quality Assessment}},
Booktitle = {{2016 Picture Coding Symposium (PCS)}},
Year = {2016},
Unique-ID = {{ISI:000405946900068}},
doi={10.1109/PCS.2016.7906376},
}

@article{doi:10.1063/1.1761178,
author = {Harlow,Francis H.  and Welch,J. Eddie },
title = {Numerical Calculation of Time‚ÄêDependent Viscous Incompressible Flow of Fluid with Free Surface},
journal = {The Physics of Fluids},
volume = {8},
number = {12},
pages = {2182-2189},
year = {1965},
doi = {10.1063/1.1761178},

URL = { 
        https://aip.scitation.org/doi/abs/10.1063/1.1761178
    
},
eprint = { 
        https://aip.scitation.org/doi/pdf/10.1063/1.1761178
    
}

}

@article{holl2020learning,
  title={Learning to control pdes with differentiable physics},
  author={Holl, Philipp and Koltun, Vladlen and Thuerey, Nils},
  journal={arXiv preprint arXiv:2001.07457},
  year={2020}
}

@inproceedings{johnson2016perceptual,
  title={Perceptual losses for real-time style transfer and super-resolution},
  author={Johnson, Justin and Alahi, Alexandre and Fei-Fei, Li},
  booktitle={European conference on computer vision},
  pages={694--711},
  year={2016},
  organization={Springer}
}

@inproceedings{ kang2014,
Author = {Kang, Le and Ye, Peng and Li, Yi and Doermann, David},
Book-Group-Author = {{IEEE}},
Title = {{Convolutional Neural Networks for No-Reference Image Quality Assessment}},
Booktitle = {{2014 IEEE Conference on Computer Vision and Pattern Recognition (CVPR)}},
Year = {2014},
Pages = {{1733-1740}},
DOI = {10.1109/CVPR.2014.224},
Unique-ID = {{ISI:000361555601099}},
}

@inproceedings{ kim2017,
Author = {Kim, Jongyoo and Lee, Sanghoon},
Book-Group-Author = {{IEEE}},
Title = {{Deep Learning of Human Visual Sensitivity in Image Quality Assessment
   Framework}},
Booktitle = {{30TH IEEE Conference on Computer Vision and Pattern Recognition (CVPR 2017)}},
Year = {2017},
Pages = {{1969-1977}},
DOI = {10.1109/CVPR.2017.213},
Unique-ID = {{ISI:000418371402005}},
}

@inproceedings{kohl2020learning,
  title={Learning Similarity Metrics for Numerical Simulations},
  author={Kohl, Georg and Um, Kiwon and Thuerey, Nils},
  booktitle={International Conference on Machine Learning},
  pages={5349--5360},
  year={2020},
  organization={PMLR}
}







@article{odena2016deconvolution,
  title={Deconvolution and checkerboard artifacts},
  author={Odena, Augustus and Dumoulin, Vincent and Olah, Chris},
  journal={Distill},
  volume={1},
  number={10},
  pages={e3},
  year={2016}
}

@article{simonyan2014very,
  title={Very deep convolutional networks for large-scale image recognition},
  author={Simonyan, Karen and Zisserman, Andrew},
  journal={arXiv preprint arXiv:1409.1556},
  year={2014}
}


@article{um2020sol,
  title="{Solver-in-the-Loop: Learning from Differentiable Physics to Interact with Iterative PDE-Solvers}",
  author={Um, Kiwon and Brand, Robert and Fei, Yun and Holl, Philipp and Thuerey, Nils},
  journal={Advances in Neural Information Processing Systems},
  year={2020}
}


@article{wang2004,
    Author = {Wang, Zhou and Bovik, Alan Conrad and Sheikh, Hamid Rahim and Simoncelli, Eero},
    Title = {{Image quality assessment: From error visibility to structural similarity}},
    Journal = {{IEEE Transactions on Image Processing}},
    Year = {2004},
    Volume = {{13}},
    Number = {{4}},
    Pages = {{600-612}},
    DOI = {10.1109/TIP.2003.819861},
    Unique-ID = {{ISI:000220784600014}},
}

@inproceedings{zhang2018perceptual,
  title={The Unreasonable Effectiveness of Deep Features as a Perceptual Metric},
  author={Zhang, Richard and Isola, Phillip and Efros, Alexei A and Shechtman, Eli and Wang, Oliver},
  booktitle={CVPR},
  year={2018}
}
