@article{adami2012,
  title =	 {A generalized wall boundary condition for smoothed particle hydrodynamics},
  volume =	 231,
  issn =	 {0021-9991},
  doi =		 {10.1016/j.jcp.2012.05.005},
  number =	 21,
  journal =	 {J. Comput. Phys.},
  author =	 {Adami, S. and Hu, X. Y. and Adams, N. A.},
  month =	 aug,
  year =	 2012,
  pages =	 {7057--7075},
}

@article{adams2007,
  author =	 {Adams, Bart and Pauly, Mark and Keiser, Richard and Guibas, Leonidas J.},
  title =	 {Adaptively Sampled Particle Fluids},
  journal =	 {ACM Trans. Graph.},
  issue_date =	 {July 2007},
  volume =	 26,
  number =	 3,
  month =	 jul,
  year =	 2007,
  issn =	 {0730-0301},
  articleno =	 48,
  numpages =	 7,
  pages =	 {48:1--48:7},
  doi =		 {10.1145/1276377.1276437},
  acmid =	 1276437,
  publisher =	 {ACM},
  address =	 {New York, NY, USA},
}

@article{akinci2012,
  title =	 {Versatile Rigid-Fluid Coupling for Incompressible {SPH}},
  volume =	 31,
  issn =	 {0730-0301},
  doi =		 {10.1145/2185520.2185558},
  number =	 4,
  journal =	 {ACM Trans. Graph.},
  author =	 {Akinci, Nadir and Ihmsen, Markus and Akinci, Gizem and Solenthaler, Barbara and Teschner, Matthias},
  month =	 jul,
  year =	 2012,
  pages =	 {62:1--62:8}
}

@article{akinci2013c,
  title =	 {Versatile Surface Tension and Adhesion for {SPH} Fluids},
  volume =	 32,
  issn =	 {0730-0301},
  doi =		 {10.1145/2508363.2508395},
  number =	 6,
  journal =	 {ACM Trans. Graph.},
  author =	 {Akinci, Nadir and Akinci, Gizem and Teschner, Matthias},
  month =	 nov,
  year =	 2013,
  keywords =	 {fluid simulation,Smoothed particle hydrodynamics,Surface tension,Physically-based animation,adhesion},
  pages =	 {182:1--182:8}
}

@article{ando2012,
  title =	 {Preserving Fluid Sheets with Adaptively Sampled Anisotropic Particles},
  volume =	 18,
  issn =	 {1077-2626},
  doi =		 {10.1109/TVCG.2012.87},
  number =	 8,
  journal =	 {IEEE Transactions on Visualization and Computer Graphics},
  author =	 {Ando, Ryoichi and Thurey, Nils and Tsuruno, Reiji},
  year =	 2012,
  pages =	 {1202--1214}
}

@article{ando2013,
  title =	 {Highly Adaptive Liquid Simulations on Tetrahedral Meshes},
  volume =	 32,
  issn =	 {0730-0301},
  doi =		 {10.1145/2461912.2461982},
  number =	 4,
  journal =	 {ACM Trans. Graph.},
  author =	 {Ando, Ryoichi and Th{\"u}rey, Nils and Wojtan, Chris},
  month =	 jul,
  year =	 2013,
  pages =	 {103:1--103:10},
}

@article{batty2007,
  author =	 {Batty, Christopher and Bertails, Florence and Bridson, Robert},
  title =	 {A Fast Variational Framework for Accurate Solid-fluid Coupling},
  journal =	 {ACM Trans. Graph.},
  issue_date =	 {July 2007},
  volume =	 26,
  number =	 3,
  month =	 jul,
  year =	 2007,
  issn =	 {0730-0301},
  articleno =	 100,
  numpages =	 7,
  pages =	 {100:1--100:7},
  doi =		 {10.1145/1276377.1276502},
  acmid =	 1276502,
  publisher =	 {ACM},
  address =	 {New York, NY, USA},
}

@inproceedings{batty2008,
  address =	 {Aire-la-Ville, Switzerland, Switzerland},
  series =	 {SCA '08},
  title =	 {Accurate Viscous Free Surfaces for Buckling, Coiling, and Rotating Liquids},
  isbn =	 {978-3-905674-10-1},
  booktitle =	 {Proceedings of the 2008 ACM SIGGRAPH/Eurographics Symposium on Computer Animation},
  publisher =	 {Eurographics Association},
  author =	 {Batty, Christopher and Bridson, Robert},
  year =	 2008,
  pages =	 {219--228}
}

@article{beck2018,
  author =	 {Andrea D. Beck and David G. Flad and Claus{-}Dieter Munz},
  title =	 {Deep Neural Networks for Data-Driven Turbulence Models},
  journal =	 {CoRR},
  volume =	 {abs/1806.04482},
  year =	 2018,
  url =		 {http://arxiv.org/abs/1806.04482},
  archivePrefix ={arXiv},
  eprint =	 {1806.04482},
  timestamp =	 {Mon, 13 Aug 2018 16:47:08 +0200},
}

@inproceedings{tracey2015machine,
  title={A machine learning strategy to assist turbulence model development},
  author={Tracey, Brendan D and Duraisamy, Karthikeyan and Alonso, Juan J},
  booktitle={AIAA aerospace sciences meeting},
  pages={1287},
  year={2015}
}

@inproceedings{becker2007,
  author =	 {Becker, Markus and Teschner, Matthias},
  title =	 {Weakly compressible {SPH} for free surface flows},
  booktitle =	 {Proceedings of the 2007 ACM SIGGRAPH/Eurographics symposium on Computer animation},
  series =	 {SCA '07},
  year =	 2007,
  isbn =	 {978-1-59593-624-0},
  location =	 {San Diego, California},
  pages =	 {209--217},
  url =		 {http://dl.acm.org/citation.cfm?id=1272690.1272719},
  acmid =	 1272719,
  publisher =	 {Eurographics Association},
  address =	 {Aire-la-Ville, Switzerland, Switzerland},
}

@article{bender2017,
  title =	 {Divergence-Free {SPH} for Incompressible and Viscous Fluids},
  volume =	 23,
  issn =	 {1077-2626},
  doi =		 {10.1109/TVCG.2016.2578335},
  number =	 3,
  journal =	 {IEEE Transactions on Visualization and Computer Graphics},
  author =	 {Bender, J. and Koschier, D.},
  month =	 mar,
  year =	 2017,
  keywords =	 {fluid simulation,incompressibility,Incompressible flow,computational fluid dynamics,Smoothed particle hydrodynamics,turbulence,flow simulation,Computational modeling,Hydrodynamics,two-phase flow,viscosity,Numerical models,Mathematical model,smoothed particle hydrodynamics method,viscous fluids,iterative methods,Stability analysis,implicit integration,Viscous fluid,Strain,divergence-free fluids,complex simulation,compression-free fluid,computationally expensive neighborhood search,constant density,continuity equation,divergence-free SPH,divergence-free velocity field,highly viscous materials,implicit pressure solvers,implicit viscosity solver,incompressible fluid simulation,low volume compression,position level,solver iterations,third optional implicit solver,turbulent particles,velocity level},
  pages =	 {1193--1206}
}

@book{bishop2006,
  author =	 {Bishop, Christopher M.},
  title =	 {Pattern Recognition and Machine Learning (Information Science and Statistics)},
  year =	 2006,
  isbn =	 0387310738,
  publisher =	 {Springer-Verlag New York, Inc.},
  address =	 {Secaucus, NJ, USA},
}

@article{bojrab2013,
  title =	 {Perceptual Importance of Lighting Phenomena in Rendering of Animated Water},
  volume =	 10,
  issn =	 {1544-3558},
  doi =		 {10.1145/2422105.2422107},
  number =	 1,
  journal =	 {ACM Trans. Appl. Percept.},
  author =	 {Bojrab, Micah and Abdul-Massih, Michel and Benes, Bedrich},
  month =	 mar,
  year =	 2013,
  pages =	 {2:1--2:18},
}

@inproceedings{botia2010,
  address =	 {Manchester, UK},
  title =	 {Three {SPH} Novel Benchmark Test Cases for free surface flows},
  booktitle =	 {Proceedings of the 5th {ERCOFTAC} {SPHERIC} workshop on {SPH} applications},
  author =	 {Botia-Vera, Elkin and Souto-Iglesias, Antonio and Bulian, Gabriele and Lobovsk\'{y}, L.},
  year =	 2010,
}

@article{boyd2012,
  title =	 {Multi{FLIP} for Energetic Two-Phase Fluid Simulation},
  volume =	 31,
  issn =	 {0730-0301},
  doi =		 {10.1145/2159516.2159522},
  number =	 2,
  journal =	 {ACM Trans. Graph.},
  author =	 {Boyd, Landon and Bridson, Robert},
  month =	 apr,
  year =	 2012,
  keywords =	 {FLIP,Multiphase fluids},
  pages =	 {16:1--16:12}
}

@article{brackbill1988,
  title =	 {{FLIP}: A Low-Dissipation, Particle-in-Cell Method for Fluid Flow},
  volume =	 48,
  issn =	 {0010-4655},
  shorttitle =	 {Flip},
  number =	 1,
  journal =	 {Computer Physics Communications},
  doi =		 {10.1016/0010-4655(88)90020-3},
  author =	 {Brackbill, J.U. and Kothe, D.B. and Ruppel, H.M.},
  month =	 jan,
  year =	 1988,
  pages =	 {25-38}
}

@article{bradley1952,
  title =	 {Rank Analysis of Incomplete Block Designs: {I}. The Method of Paired Comparisons},
  volume =	 39,
  issn =	 {0006-3444},
  shorttitle =	 {Rank Analysis of Incomplete Block Designs},
  doi =		 {10.2307/2334029},
  number =	 {3/4},
  journal =	 {Biometrika},
  author =	 {Bradley, Ralph Allan and Terry, Milton E.},
  year =	 1952,
  pages =	 {324--345},
}

@book{bridson2015book,
  title =	 {Fluid Simulation for Computer Graphics},
  author =	 {Robert Bridson},
  publisher =	 {CRC Press},
  year =	 2015
}

@article{chu2017,
  title =	 {Data-Driven Synthesis of Smoke Flows with {CNN}-Based Feature Descriptors},
  volume =	 36,
  issn =	 {0730-0301},
  doi =		 {10.1145/3072959.3073643},
  number =	 4,
  journal =	 {ACM Trans. Graph.},
  author =	 {Chu, Mengyu and Thuerey, Nils},
  month =	 jul,
  year =	 2017,
  keywords =	 {convolutional neural networks,fluid simulation,low-dimensional feature descriptors},
  pages =	 {69:1--69:14}
}

@article{cole2009,
  author =	 {Cole, Forrester and Sanik, Kevin and DeCarlo, Doug and Finkelstein, Adam and Funkhouser, Thomas and Rusinkiewicz, Szymon and Singh, Manish},
  title =	 {How Well Do Line Drawings Depict Shape?},
  journal =	 {ACM Trans. Graph.},
  issue_date =	 {August 2009},
  volume =	 28,
  number =	 3,
  month =	 jul,
  year =	 2009,
  issn =	 {0730-0301},
  pages =	 {28:1--28:9},
  articleno =	 28,
  numpages =	 9,
  doi =		 {10.1145/1531326.1531334},
  acmid =	 1531334,
  publisher =	 {ACM},
  address =	 {New York, NY, USA},
}

@incollection{debunne1999,
  title =	 {Interactive multiresolution animation of deformable models},
  author =	 {Debunne, Gilles and Desbrun, Mathieu and Barr, Alan and Cani, Marie-Paule},
  booktitle =	 {Computer Animation and Simulation '99},
  pages =	 {133--144},
  year =	 1999,
  publisher =	 {Springer}
}


@article{enright2002,
  title =	 {Animation and Rendering of Complex Water Surfaces},
  volume =	 21,
  issn =	 {0730-0301},
  doi =		 {10.1145/566654.566645},
  number =	 3,
  journal =	 {ACM Trans. Graph.},
  author =	 {Enright, Douglas and Marschner, Stephen and Fedkiw, Ronald},
  month =	 jul,
  year =	 2002,
  keywords =	 {computational fluid dynamics,natural phenomena,physically based animation,implicit surfaces,Rendering,volume rendering},
  pages =	 {736--744}
}

@article{enright2002a,
  title =	 {A Hybrid Particle Level Set Method for Improved Interface Capturing},
  volume =	 183,
  issn =	 {0021-9991},
  doi =		 {10.1006/jcph.2002.7166},
  number =	 1,
  journal =	 {J. Comput. Phys.},
  author =	 {Enright, Douglas and Fedkiw, Ronald and Ferziger, Joel and Mitchell, Ian},
  month =	 nov,
  year =	 2002,
  pages =	 {83--116}
}

@inproceedings{enright2003,
  title =	 {Using The Particle Level Set Method And A Second Order Accurate Pressure Boundary Condition For Free Surface Flows},
  booktitle =	 {In Proc. 4th ASME-JSME Joint Fluids Eng. Conf.},
  author =	 {Enright, Doug and Nguyen, Duc and Gibou, Frederic and Fedkiw, Ron},
  year =	 2003,
  pages =	 {2003--45144},
}

@article{ferstl2016,
  title =	 {Narrow band {FLIP} for liquid simulations},
  author =	 {Ferstl, Florian and Ando, Ryoichi and Wojtan, Chris and Westermann, R{\"u}diger and Thuerey, Nils},
  journal =	 {Computer Graphics Forum},
  volume =	 35,
  number =	 2,
  pages =	 {225--232},
  year =	 2016,
  organization = {Wiley Online Library}
}

@article{fieller1957,
  title =	 {Tests for rank correlation coefficients. {I}},
  volume =	 44,
  issn =	 {0006-3444, 1464-3510},
  doi =		 {10.1093/biomet/44.3-4.470},
  language =	 {en},
  timestamp =	 {2016-04-04T14:11:11Z},
  number =	 {3-4},
  urldate =	 {2016-04-04},
  journal =	 {Biometrika},
  author =	 {Fieller, E. C. and Hartley, H. O. and Pearson, E. S.},
  month =	 dec,
  year =	 1957,
  pages =	 {470--481},
}

@article{foster1996,
  title =	 {Realistic Animation of Liquids},
  volume =	 58,
  issn =	 {1077-3169},
  doi =		 {10.1006/gmip.1996.0039},
  number =	 5,
  journal =	 {Graphical Models and Image Processing},
  author =	 {Foster, Nick and Metaxas, Dimitri},
  month =	 sep,
  year =	 1996,
  pages =	 {471--483}
}

@inproceedings{foster2001,
  author =	 {Foster, Nick and Fedkiw, Ronald},
  title =	 {Practical Animation of Liquids},
  booktitle =	 {Proceedings of the 28th Annual Conference on Computer Graphics and Interactive Techniques},
  series =	 {SIGGRAPH '01},
  year =	 2001,
  isbn =	 {1-58113-374-X},
  pages =	 {23--30},
  doi =		 {10.1145/383259.383261},
  acmid =	 383261,
  publisher =	 {ACM},
  address =	 {New York, NY, USA},
}

@article{fu2017,
  title =	 {A Polynomial Particle-in-Cell Method},
  volume =	 36,
  issn =	 {0730-0301},
  doi =		 {10.1145/3130800.3130878},
  number =	 6,
  journal =	 {ACM Trans. Graph.},
  author =	 {Fu, Chuyuan and Guo, Qi and Gast, Theodore and Jiang, Chenfanfu and Teran, Joseph},
  month =	 nov,
  year =	 2017,
  keywords =	 {FLIP,PIC,APIC},
  pages =	 {222:1--222:12}
}

@inproceedings{garg2007,
  address =	 {Aire-la-Ville, Switzerland, Switzerland},
  series =	 {EGSR'07},
  title =	 {Material Based Splashing of Water Drops},
  isbn =	 {978-3-905673-52-4},
  doi =		 {10.2312/EGWR/EGSR07/171-182},
  booktitle =	 {Proceedings of the 18th Eurographics Conference on Rendering Techniques},
  publisher =	 {Eurographics Association},
  author =	 {Garg, K. and Krishnan, G. and Nayar, Shree K.},
  year =	 2007,
  pages =	 {171--182}
}

@book{gennes2004,
  author =	 {Pierre-Gilles de Gennes and Francoise Brochard-Wyart and David Quere},
  edition =	 {First},
  isbn =	 {978-0-387-21656-0},
  publisher =	 {Springer-Verlag New York},
  title =	 {Capillarity and Wetting Phenomena},
  year =	 2004
}

@article{gerszewski2013,
  title =	 {Physics-Based Animation of Large-Scale Splashing Liquids},
  volume =	 32,
  issn =	 {0730-0301},
  doi =		 {10.1145/2508363.2508430},
  number =	 6,
  journal =	 {ACM Trans. Graph.},
  author =	 {Gerszewski, Dan and Bargteil, Adam W.},
  month =	 nov,
  year =	 2013,
  pages =	 {185:1--185:6},
}

@article{gibou2018,
  title =	 {Sharp Interface Approaches and Deep Learning Techniques for Multiphase Flows},
  issn =	 {0021-9991},
  journal =	 {Journal of Computational Physics},
  doi =		 {10.1016/j.jcp.2018.05.031},
  author =	 {Gibou, Frederic and Hyde, David and Fedkiw, Ron},
  month =	 may,
  year =	 2018,
  keywords =	 {Surface tension,Multiphase flows,Ghost-fluid method,Parallel,Quadtree and octree,Voronoi interface method}
}

@inproceedings{girshick2014,
  title =	 {Rich feature hierarchies for accurate object detection and semantic segmentation},
  author =	 {Girshick, Ross and Donahue, Jeff and Darrell, Trevor and Malik, Jitendra},
  booktitle =	 {Proc. Conference on Computer Vision and Pattern Recognition},
  pages =	 {580--587},
  year =	 2014,
  organization = {IEEE}
}

@article{goodfellow2016a,
  eprint =	 {1701.00160},
  primaryClass = {cs},
  title =	 {{NIPS} 2016 Tutorial: Generative Adversarial Networks},
  journal =	 {arXiv:1701.00160},
  author =	 {Goodfellow, Ian},
  month =	 dec,
  year =	 2016,
  keywords =	 {Computer Science - Learning}
}

@book{grossmann2007,
  title =	 {Numerical Treatment of Partial Differential Equations},
  author =	 {Grossmann, C. and Roos, H.G. and Stynes, M.},
  isbn =	 9783540715825,
  lccn =	 2007931595,
  series =	 {Universitext},
  url =		 {https://books.google.de/books?id=lmtboXIXttAC},
  year =	 2007,
  publisher =	 {Springer Berlin Heidelberg}
}

@inproceedings{guendelman2005,
  address =	 {New York, NY, USA},
  series =	 {SIGGRAPH '05},
  title =	 {Coupling Water and Smoke to Thin Deformable and Rigid Shells},
  doi =		 {10.1145/1186822.1073299},
  booktitle =	 {ACM SIGGRAPH 2005 Papers},
  publisher =	 {ACM},
  author =	 {Guendelman, Eran and Selle, Andrew and Losasso, Frank and Fedkiw, Ronald},
  year =	 2005,
  keywords =	 {cloth,rigid bodies,shells,smoke,water},
  pages =	 {973--981}
}

@inproceedings{guo2016,
  author =	 {Guo, Xiaoxiao and Li, Wei and Iorio, Francesco},
  title =	 {Convolutional Neural Networks for Steady Flow Approximation},
  booktitle =	 {SIGKDD International Conference on Knowledge Discovery and Data Mining},
  series =	 {KDD '16},
  year =	 2016,
  isbn =	 {978-1-4503-4232-2},
  location =	 {San Francisco, California, USA},
  pages =	 {481--490},
  numpages =	 10,
  url =		 {http://doi.acm.org.eaccess.ub.tum.de/10.1145/2939672.2939738},
  doi =		 {10.1145/2939672.2939738},
  acmid =	 2939738,
  publisher =	 {ACM},
  keywords =	 {computational fluid dynamics, convolutional neural networks, machine learning, surrogate models},
}

@article{han2016,
  title =	 {Effect of Low-Level Visual Details in Perception of Deformation},
  volume =	 35,
  issn =	 {1467-8659},
  doi =		 {10.1111/cgf.12839},
  number =	 2,
  journal =	 {Computer Graphics Forum},
  author =	 {Han, D. and Keyser, J.},
  month =	 may,
  year =	 2016,
  pages =	 {375--383},
}

@article{he2015,
  archivePrefix ={arXiv},
  eprinttype =	 {arxiv},
  eprint =	 {1512.03385},
  primaryClass = {cs},
  title =	 {Deep Residual Learning for Image Recognition},
  journal =	 {arXiv:1512.03385 [cs]},
  author =	 {He, Kaiming and Zhang, Xiangyu and Ren, Shaoqing and Sun, Jian},
  month =	 dec,
  year =	 2015,
  keywords =	 {Computer Science - Computer Vision and Pattern Recognition}
}

@article{hijon2009,
  title =	 {Mori-Zwanzig Formalism as a Practical Computational Tool},
  volume =	 144,
  issn =	 {1364-5498},
  doi =		 {10.1039/B902479B},
  language =	 {en},
  journal =	 {Faraday Discussions},
  author =	 {Hij{\'o}n, Carmen and Espa{\~n}ol, Pep and Vanden-Eijnden, Eric and Delgado-Buscalioni, Rafael},
  month =	 oct,
  year =	 2009,
  pages =	 {301--322},
}

@article{hong2005,
  title =	 {Discontinuous Fluids},
  volume =	 24,
  issn =	 {0730-0301},
  doi =		 {10.1145/1073204.1073283},
  number =	 3,
  journal =	 {ACM Trans. Graph.},
  author =	 {Hong, Jeong-Mo and Kim, Chang-Hun},
  month =	 jul,
  year =	 2005,
  pages =	 {915--920},
}

@article{hunter2004,
  title =	 {{MM} algorithms for generalized {Bradley-Terry} models},
  volume =	 32,
  issn =	 {0090-5364, 2168-8966},
  doi =		 {10.1214/aos/1079120141},
  number =	 1,
  journal =	 {The Annals of Statistics},
  author =	 {Hunter, David R.},
  month =	 feb,
  year =	 2004,
  pages =	 {384--406},
  mrnumber =	 {MR2051012},
  zmnumber =	 02113763
}

@article{ihmsen2012,
  title =	 {Unified spray, foam and air bubbles for particle-based fluids},
  author =	 {Ihmsen, Markus and Akinci, Nadir and Akinci, Gizem and Teschner, Matthias},
  journal =	 {The Visual Computer},
  volume =	 28,
  number =	 {6-8},
  pages =	 {669--677},
  year =	 2012,
  publisher =	 {Springer}
}

@article{ihmsen2014,
  title =	 {Implicit Incompressible {SPH}},
  volume =	 20,
  issn =	 {1077-2626},
  doi =		 {10.1109/TVCG.2013.105},
  number =	 3,
  journal =	 {IEEE Transactions on Visualization and Computer Graphics},
  author =	 {Ihmsen, Markus and Cornelis, Jens and Solenthaler, Barbara and Horvath, Christopher and Teschner, Matthias},
  month =	 mar,
  year =	 2014,
  pages =	 {426--435},
}

@inproceedings{ihmsen2014star,
  address =	 {Strasbourg, France},
  title =	 {{SPH} Fluids in Computer Graphics},
  doi =		 {10.2312/egst.20141034},
  booktitle =	 {Eurographics 2014 - {State} of the {Art Reports}},
  publisher =	 {Eurographics Association},
  author =	 {Ihmsen, Markus and Orthmann, Jens and Solenthaler, Barbara and Kolb, Andreas and Teschner, Matthias},
  year =	 2014,
  pages =	 {21--42}
}

@article{ioffe2015,
  title =	 {Batch Normalization: Accelerating Deep Network Training by Reducing Internal Covariate Shift},
  archivePrefix ={arXiv},
  eprinttype =	 {arxiv},
  eprint =	 {1502.03167},
  journal =	 {arXiv:1502.03167},
  author =	 {Ioffe, Sergey and Szegedy, Christian},
  month =	 feb,
  year =	 2015,
}

@article{jiang2015,
  title =	 {The Affine Particle-in-cell Method},
  volume =	 34,
  issn =	 {0730-0301},
  doi =		 {10.1145/2766996},
  number =	 4,
  urldate =	 {2015-08-03},
  journal =	 {ACM Trans. Graph.},
  author =	 {Jiang, Chenfanfu and Schroeder, Craig and Selle, Andrew and Teran, Joseph and Stomakhin, Alexey},
  month =	 jul,
  year =	 2015,
  pages =	 {51:1--51:10},
}

@inproceedings{jones2017,
  address =	 {New York, NY, USA},
  series =	 {SCA '17},
  title =	 {Physically-Based Droplet Interaction},
  isbn =	 {978-1-4503-5091-4},
  doi =		 {10.1145/3099564.3099573},
  booktitle =	 {Proceedings of the ACM SIGGRAPH/Eurographics Symposium on Computer Animation},
  publisher =	 {ACM},
  author =	 {Jones, Richard and Southern, Richard},
  year =	 2017,
  keywords =	 {fluid simulation,particle systems},
  pages =	 {5:1--5:10}
}

@article{kendall1983,
  ISSN =	 00063444,
  URL =		 {http://www.jstor.org/stable/2332226},
  author =	 {M. G. Kendall},
  journal =	 {Biometrika},
  number =	 {1/2},
  pages =	 {81-93},
  publisher =	 {Oxford University Press, Biometrika Trust},
  title =	 {A New Measure of Rank Correlation},
  volume =	 30,
  year =	 1938
}

@article{khosravi2011,
  title =	 {Comprehensive Review of Neural Network-Based Prediction Intervals and New Advances},
  volume =	 22,
  issn =	 {1045-9227},
  doi =		 {10.1109/TNN.2011.2162110},
  number =	 9,
  journal =	 {IEEE Transactions on Neural Networks},
  author =	 {Khosravi, A. and Nahavandi, S. and Creighton, D. and Atiya, A. F.},
  month =	 sep,
  year =	 2011,
  pages =	 {1341--1356},
}

@inproceedings{kim2005,
  address =	 {Dublin, Ireland},
  title =	 {{FlowFixer}: Using {BFECC} for Fluid Simulation},
  isbn =	 {3-905673-29-0},
  shorttitle =	 {Flowfixer},
  doi =		 {10.2312/NPH/NPH05/051-056},
  booktitle =	 {Eurographics Conference on Natural Phenomena},
  publisher =	 {Eurographics Association},
  author =	 {Kim, ByungMoon and Liu, Yingjie and Llamas, Ignacio and Rossignac, Jarek},
  year =	 2005,
  pages =	 {51--56},
}

@inproceedings{kim2006,
  address =	 {Aire-la-Ville, Switzerland, Switzerland},
  series =	 {SCA '06},
  title =	 {Practical Animation of Turbulent Splashing Water},
  isbn =	 {3-905673-34-7},
  booktitle =	 {Proceedings of the 2006 ACM SIGGRAPH/Eurographics Symposium on Computer Animation},
  publisher =	 {Eurographics Association},
  author =	 {Kim, Janghee and Cha, Deukhyun and Chang, Byungjoon and Koo, Bonki and Ihm, Insung},
  year =	 2006,
  pages =	 {335--344}
}

@article {kim2019,
  journal =	 {Computer Graphics Forum},
  title =	 {Deep Fluids: A Generative Network for Parameterized Fluid Simulations},
  author =	 {Kim, Byungsoo and Azevedo, Vinicius C. and Thuerey, Nils and Kim, Theodore and Gross, Markus and Solenthaler, Barbara},
  year =	 2019,
  publisher =	 {The Eurographics Association and John Wiley & Sons Ltd.},
  ISSN =	 {1467-8659},
  DOI =		 {10.1111/cgf.13619}
}

@article{kingma2014,
  title =	 {Adam: A Method for Stochastic Optimization},
  archivePrefix ={arXiv},
  eprinttype =	 {arxiv},
  eprint =	 {1412.6980},
  primaryClass = {cs},
  journal =	 {arXiv:1412.6980 [cs]},
  author =	 {Kingma, Diederik and Ba, Jimmy},
  month =	 dec,
  year =	 2014,
}

@article{kleefsman2005,
  author =	 {Kleefsman, K. M. T. and Fekken, G. and Veldman, A. E. P. and Iwanowski, B. and Buchner, B.},
  title =	 {A Volume-of-Fluid Based Simulation Method for Wave Impact Problems},
  journal =	 {J. Comput. Phys.},
  issue_date =	 {10 June 2005},
  volume =	 206,
  number =	 1,
  month =	 jun,
  year =	 2005,
  issn =	 {0021-9991},
  pages =	 {363--393},
  doi =		 {10.1016/j.jcp.2004.12.007},
  acmid =	 1081705,
  publisher =	 {Academic Press Professional, Inc.},
  address =	 {San Diego, CA, USA},
}

@incollection{krizhevsky2012,
  title =	 {ImageNet Classification with Deep Convolutional Neural Networks},
  author =	 {Alex Krizhevsky and Sutskever, Ilya and Hinton, Geoffrey E},
  booktitle = {Advances in Neural Information Processing Systems},
  pages =	 {1097--1105},
  year =	 2012,
}

@article{kutz2017,
  title =	 {Deep learning in fluid dynamics},
  volume =	 814,
  DOI =		 {10.1017/jfm.2016.803},
  journal =	 {Journal of Fluid Mechanics},
  publisher =	 {Cambridge University Press},
  author =	 {Kutz, J. Nathan},
  year =	 2017,
  pages =	 {1–4}
}

@article{ladicky2015,
  title =	 {Data-Driven Fluid Simulations Using Regression Forests},
  volume =	 34,
  issn =	 {0730-0301},
  doi =		 {10.1145/2816795.2818129},
  number =	 6,
  journal =	 {ACM Trans. Graph.},
  author =	 {Ladick{\'y}, Lubor and Jeong, SoHyeon and Solenthaler, Barbara and Pollefeys, Marc and Gross, Markus},
  month =	 oct,
  year =	 2015,
  pages =	 {199:1--199:9},
}

@book{lefebvre1988,
  title =	 {Atomization and Sprays},
  author =	 {Arthur Lefebvre},
  publisher =	 {CRC Press},
  year =	 2011,
  isbn =	 9780891166030,
}

@book{leroy2011,
  title =	 {Designing User Studies in Informatics},
  author =	 {Gondy Leroy},
  publisher =	 {Springer London},
  year =	 2011,
  isbn =	 9780857296214,
  doi =		 {10.1007/978-0-85729-622-1}
}

@article{liu2013,
  title =	 {A No-Reference Metric for Evaluating the Quality of Motion Deblurring},
  volume =	 32,
  issn =	 {0730-0301},
  doi =		 {10.1145/2508363.2508391},
  number =	 6,
  journal =	 {ACM Trans. Graph.},
  author =	 {Liu, Yiming and Wang, Jue and Cho, Sunghyun and Finkelstein, Adam and Rusinkiewicz, Szymon},
  month =	 nov,
  year =	 2013,
  pages =	 {175:1--175:12},
}

@article{lorensen1987,
  author =	 {Lorensen, William E. and Cline, Harvey E.},
  title =	 {Marching cubes: A high resolution 3D surface construction algorithm},
  journal =	 {SIGGRAPH Comput. Graph.},
  volume =	 21,
  issue =	 4,
  month =	 {August},
  year =	 1987,
  issn =	 {0097-8930},
  pages =	 {163--169},
  numpages =	 7,
  doi =		 {10.1145/37402.37422},
  acmid =	 37422,
  publisher =	 {ACM},
  address =	 {New York, NY, USA},
}

@article{losasso2008,
  title =	 {Two-Way Coupled {SPH} and Particle Level Set Fluid Simulation},
  volume =	 14,
  issn =	 {1077-2626},
  doi =		 {10.1109/TVCG.2008.37},
  number =	 4,
  journal =	 {IEEE Transactions on Visualization and Computer Graphics},
  author =	 {Losasso, F. and Talton, J.O. and Kwatra, N. and Fedkiw, R.},
  year =	 2008,
  pages =	 {797--804}
}

@article{losure2012,
  title =	 {Liquids in The Croods},
  author =	 {Losure, Jeff Budsberg Michael and Baer, Ken Museth Matt},
  journal =	 {SIGGRAPH Talks},
  year =	 2012
}

@article{macklin2013,
  title =	 {Position Based Fluids},
  volume =	 32,
  issn =	 {0730-0301},
  doi =		 {10.1145/2461912.2461984},
  number =	 4,
  journal =	 {ACM Trans. Graph.},
  author =	 {Macklin, Miles and M{\"u}ller, Matthias},
  month =	 jul,
  year =	 2013,
  pages =	 {104:1--104:12}
}


@article{maulik2017,
  title =	 {A neural network approach for the blind deconvolution of turbulent flows},
  volume =	 831,
  ISSN =	 {1469-7645},
  url =		 {http://dx.doi.org/10.1017/jfm.2017.637},
  DOI =		 {10.1017/jfm.2017.637},
  journal =	 {Journal of Fluid Mechanics},
  publisher =	 {Cambridge University Press (CUP)},
  author =	 {Maulik, R. and San, O.},
  year =	 2017,
  month =	 {Oct},
  pages =	 {151–181}
}

@article{mnih2013,
  title =	 {Playing atari with deep reinforcement learning},
  author =	 {Mnih, Volodymyr and Kavukcuoglu, Koray and Silver, David and Graves, Alex and Antonoglou, Ioannis and Wierstra, Daan and Riedmiller, Martin},
  journal =	 {arXiv:1312.5602},
  year =	 2013
}
@inproceedings{mnih2016asynchronous,
  title={Asynchronous methods for deep reinforcement learning},
  author={Mnih, Volodymyr and Badia, Adria Puigdomenech and Mirza, Mehdi and Graves, Alex and Lillicrap, Timothy and Harley, Tim and Silver, David and Kavukcuoglu, Koray},
  booktitle={International Conference on Machine Learning},
  year={2016}
}

@inproceedings{finn2016unsupervised,
  title={Unsupervised learning for physical interaction through video prediction},
  author={Finn, Chelsea and Goodfellow, Ian and Levine, Sergey},
  booktitle={Advances in Neural Information Processing Systems},
  year={2016}
}

@inproceedings{magill2018,
  title =	 {Neural Networks Trained to Solve Differential Equations Learn General Representations},
  author =	 {Magill, Martin and Qureshi, Faisal and de Haan, Hendrick},
  booktitle = {Advances in Neural Information Processing Systems},
  pages =	 {4071--4081},
  year =	 2018,
  url =		 {http://papers.nips.cc/paper/7662-neural-networks-trained-to-solve-differential-equations-learn-general-representations.pdf}
}

@article{lillicrap2015continuous,
  title={Continuous control with deep reinforcement learning},
  author={Lillicrap, Timothy P and Hunt, Jonathan J and Pritzel, Alexander and Heess, Nicolas and Erez, Tom and Tassa, Yuval and Silver, David and Wierstra, Daan},
  journal={arXiv:1509.02971},
  year={2015}
}

@article{silver2017mastering,
  title={Mastering the game of {Go} without human knowledge},
  author={Silver, David and Schrittwieser, Julian and Simonyan, Karen and Antonoglou, Ioannis and Huang, Aja and Guez, Arthur and Hubert, Thomas and Baker, Lucas and Lai, Matthew and Bolton, Adrian and others},
  journal={Nature},
  volume={550},
  number={7676},
  year={2017},
}

@inproceedings{todorov2012mujoco,
  title={Mujoco: A physics engine for model-based control},
  author={Todorov, Emanuel and Erez, Tom and Tassa, Yuval},
  booktitle={IEEE/RSJ International Conference on Intelligent Robots and Systems},
  year={2012},
}

@article{denil2016learning,
  title={Learning to perform physics experiments via deep reinforcement learning},
  author={Denil, Misha and Agrawal, Pulkit and Kulkarni, Tejas D and Erez, Tom and Battaglia, Peter and de Freitas, Nando},
  journal={arXiv:1611.01843},
  year={2016}
}

@inproceedings{agrawal2016learning,
  title={Learning to poke by poking: Experiential learning of intuitive physics},
  author={Agrawal, Pulkit and Nair, Ashvin V and Abbeel, Pieter and Malik, Jitendra and Levine, Sergey},
  booktitle={Advances in Neural Information Processing Systems},
  year={2016}
}


@article{haber2018learning,
  title={Learning to Play with Intrinsically-Motivated Self-Aware Agents},
  author={Haber, Nick and Mrowca, Damian and Fei-Fei, Li and Yamins, Daniel LK},
  journal={arXiv:1802.07442},
  year={2018}
}

@inproceedings{kulkarni2016hierarchical,
  title={Hierarchical deep reinforcement learning: Integrating temporal abstraction and intrinsic motivation},
  author={Kulkarni, Tejas D and Narasimhan, Karthik and Saeedi, Ardavan and Tenenbaum, Josh},
  booktitle={Advances in Neural Information Processing Systems},
  year={2016}
}

@article{lakshminarayanan2016option,
  title={Option discovery in hierarchical reinforcement learning using spatio-temporal clustering},
  author={Lakshminarayanan, Aravind S and Krishnamurthy, Ramnandan and Kumar, Peeyush and Ravindran, Balaraman},
  journal={arXiv:1605.05359},
  year={2016}
}

@inproceedings{muller2003,
  address =	 {Aire-la-Ville, Switzerland, Switzerland},
  series =	 {SCA '03},
  title =	 {Particle-Based Fluid Simulation for Interactive Applications},
  isbn =	 {1-58113-659-5},
  booktitle =	 {Proceedings of the 2003 ACM SIGGRAPH/Eurographics Symposium on Computer Animation},
  publisher =	 {Eurographics Association},
  author =	 {M{\"u}ller, Matthias and Charypar, David and Gross, Markus},
  year =	 2003,
  pages =	 {154--159}
}

@inproceedings{nix1994,
  title =	 {Estimating the Mean and Variance of the Target Probability Distribution},
  volume =	 1,
  doi =		 {10.1109/ICNN.1994.374138},
  booktitle =	 {IEEE International Conference on Neural Networks, 1994. IEEE World Congress on Computational Intelligence},
  author =	 {Nix, D. A. and Weigend, A. S.},
  month =	 jun,
  year =	 1994,
  pages =	 {55--60},
}

@article{pan2013,
  title =	 {Interactive Localized Liquid Motion Editing},
  volume =	 32,
  issn =	 {0730-0301},
  doi =		 {10.1145/2508363.2508429},
  number =	 6,
  journal =	 {ACM Trans. Graph.},
  author =	 {Pan, Zherong and Huang, Jin and Tong, Yiying and Zheng, Changxi and Bao, Hujun},
  month =	 nov,
  year =	 2013,
  pages =	 {184:1--184:10}
}

@book{papoulis2002,
  author =	 {Papoulis, Athanasios and Pillai, S. Unnikrishna},
  edition =	 {Fourth},
  isbn =	 {0071122567 9780071122566 0073660116 9780073660110 0071226613 9780071226615},
  publisher =	 {McGraw Hill},
  title =	 {Probability, Random Variables, and Stochastic Processes},
  year =	 2002
}

@article{pearson1920,
  title =	 {Notes on the History of Correlation},
  volume =	 13,
  issn =	 {0006-3444, 1464-3510},
  doi =		 {10.1093/biomet/13.1.25},
  language =	 {en},
  number =	 1,
  journal =	 {Biometrika},
  author =	 {Pearson, Karl},
  month =	 jan,
  year =	 1920,
  pages =	 {25--45},
}

@inproceedings{prantl2018,
  title =	 {Generating Liquid Simulations with Deformation-aware Neural Networks},
  author =	 {Lukas Prantl and Boris Bonev and Nils Thuerey},
  booktitle =	 {International Conference on Learning Representations (ICLR)},
  year =	 2019,
  url =		 {https://openreview.net/forum?id=HyeGBj09Fm},
}

@inproceedings{premvzoe2003,
  title =	 {Particle-Based Simulation of Fluids},
  author =	 {Prem{\v{z}}oe, Simon and Tasdizen, Tolga and Bigler, James and Lefohn, Aaron and Whitaker, Ross T},
  booktitle =	 {Computer Graphics Forum},
  volume =	 22,
  number =	 3,
  pages =	 {401--410},
  year =	 2003,
}

@inproceedings{ram2015,
  address =	 {New York, NY, USA},
  series =	 {SCA '15},
  title =	 {A Material Point Method for Viscoelastic Fluids, Foams and Sponges},
  isbn =	 {978-1-4503-3496-9},
  doi =		 {10.1145/2786784.2786798},
  booktitle =	 {Proceedings of the 2015 ACM SIGGRAPH/Eurographics Symposium on Computer Animation},
  publisher =	 {ACM},
  author =	 {Ram, Daniel and Gast, Theodore and Jiang, Chenfanfu and Schroeder, Craig and Stomakhin, Alexey and Teran, Joseph and Kavehpour, Pirouz},
  year =	 2015,
  pages =	 {157--163}
}

@inproceedings{raveendran2011,
  address =	 {New York, NY, USA},
  series =	 {SCA '11},
  title =	 {Hybrid Smoothed Particle Hydrodynamics},
  isbn =	 {978-1-4503-0923-3},
  doi =		 {10.1145/2019406.2019411},
  booktitle =	 {Proceedings of the 2011 ACM SIGGRAPH/Eurographics Symposium on Computer Animation},
  publisher =	 {ACM},
  author =	 {Raveendran, Karthik and Wojtan, Chris and Turk, Greg},
  year =	 2011,
  pages =	 {33--42}
}

@article{ray2018,
  title =	 {An artificial neural network as a troubled-cell indicator},
  volume =	 367,
  ISSN =	 {0021-9991},
  url =		 {http://dx.doi.org/10.1016/j.jcp.2018.04.029},
  DOI =		 {10.1016/j.jcp.2018.04.029},
  journal =	 {Journal of Computational Physics},
  publisher =	 {Elsevier BV},
  author =	 {Ray, Deep and Hesthaven, Jan S.},
  year =	 2018,
  month =	 {Aug},
  pages =	 {166–191}
}

@article{rtliquids2017,
  title =	 {Pre-computed Liquid Spaces with Generative Neural Networks and Optical Flow},
  author =	 {Boris Bonev and Lukas Prantl and Nils Thuerey},
  archivePrefix ={arXiv},
  eprinttype =	 {arxiv},
  eprint =	 {1704.07854},
  journal =	 {arXiv:1704.07854},
  year =	 2017
}

@article{rudye2017,
  author =	 {Rudy, Samuel H. and Brunton, Steven L. and Proctor, Joshua L. and Kutz, J. Nathan},
  title =	 {Data-driven discovery of partial differential equations},
  volume =	 3,
  number =	 4,
  elocation-id = {e1602614},
  year =	 2017,
  doi =		 {10.1126/sciadv.1602614},
  publisher =	 {American Association for the Advancement of Science},
  URL =		 {https://advances.sciencemag.org/content/3/4/e1602614},
  eprint =	 {https://advances.sciencemag.org/content/3/4/e1602614.full.pdf},
  journal =	 {Science Advances}
}

@article{schaeffer2017,
  author =	 {Hayden Schaeffer},
  title =	 {Learning partial differential equations via data discovery and sparse optimization},
  journal =	 {Proceedings of the Royal Society A: Mathematical, Physical and Engineering Sciences},
  volume =	 473,
  number =	 2197,
  pages =	 20160446,
  year =	 2017,
  doi =		 {10.1098/rspa.2016.0446},
}

@article{selle2008,
  title =	 {An Unconditionally Stable MacCormack Method},
  volume =	 35,
  issn =	 {0885-7474, 1573-7691},
  number =	 {2-3},
  journal =	 {Journal of Scientific Computing},
  doi =		 {10.1007/s10915-007-9166-4},
  author =	 {Selle, Andrew and Fedkiw, Ronald and Kim, ByungMoon and Liu, Yingjie and Rossignac, Jarek},
  month =	 jun,
  year =	 2008,
  pages =	 {350-371}
}

@techreport{shewchuk1994,
  author =	 {Jonathan Richard Shewchuk},
  title =	 {An introduction to the conjugate gradient method without the agonizing pain},
  year =	 1994,
  institution =	 {Carnegie Mellon University},
  address =	 {Pittsburgh, PA, USA},
}

@article{solenthaler2009,
  author =	 {Solenthaler, B. and Pajarola, R.},
  title =	 {Predictive-corrective Incompressible {SPH}},
  journal =	 {ACM Trans. Graph.},
  issue_date =	 {August 2009},
  volume =	 28,
  number =	 3,
  month =	 jul,
  year =	 2009,
  issn =	 {0730-0301},
  pages =	 {40:1--40:6},
  articleno =	 40,
  numpages =	 6,
  doi =		 {10.1145/1531326.1531346},
  acmid =	 1531346,
  publisher =	 {ACM},
  address =	 {New York, NY, USA},
}

@misc{spheric,
  author =	 {Issa, R. and Violeau, D. and Souto-Iglesias, Antonio and Botia-Vera, Elkin},
  title =	 {{SPHERIC} Validation Tests},
  howpublished = {\url{http://spheric-sph.org/validation-tests}},
  year =	 2017,
}

@article{srivastava2014,
  title =	 {Dropout: A Simple Way to Prevent Neural Networks from Overfitting},
  volume =	 15,
  journal =	 {Journal of Machine Learning Research},
  author =	 {Srivastava, Nitish and Hinton, Geoffrey and Krizhevsky, Alex and Sutskever, Ilya and Salakhutdinov, Ruslan},
  year =	 2014,
  pages =	 {1929--1958},
}

@inproceedings{stam1999,
  booktitle = {SIGGRAPH '99},
  title =	 {Stable Fluids},
  isbn =	 {0-201-48560-5},
  doi =		 {10.1145/311535.311548},
  publisher =	 {ACM},
  author =	 {Stam, Jos},
  year =	 1999,
  pages =	 {121--128}
}

@article{stomakhin2013,
  title =	 {A Material Point Method for Snow Simulation},
  volume =	 32,
  issn =	 {0730-0301},
  doi =		 {10.1145/2461912.2461948},
  number =	 4,
  journal =	 {ACM Trans. Graph.},
  author =	 {Stomakhin, Alexey and Schroeder, Craig and Chai, Lawrence and Teran, Joseph and Selle, Andrew},
  month =	 jul,
  year =	 2013,
  pages =	 {102:1--102:10}
}

@article{sussman2009,
  title =	 {A Stable and Efficient Method for Treating Surface Tension in Incompressible Two-Phase Flow},
  volume =	 31,
  issn =	 {1064-8275, 1095-7197},
  number =	 4,
  journal =	 {SIAM Journal on Scientific Computing},
  doi =		 {10.1137/080732122},
  author =	 {Sussman, Mark and Ohta, Mitsuhiro},
  month =	 jan,
  year =	 2009,
  pages =	 {2447-2471}
}

@article{takahashi2003,
  title =	 {Realistic Animation of Fluid with Splash and Foam},
  volume =	 22,
  issn =	 {1467-8659},
  doi =		 {10.1111/1467-8659.00686},
  number =	 3,
  journal =	 {Computer Graphics Forum},
  author =	 {Takahashi, Tsunemi and Fujii, Hiroko and Kunimatsu, Atsushi and Hiwada, Kazuhiro and Saito, Takahiro and Tanaka, Ken and Ueki, Heihachi},
  year =	 2003,
  keywords =	 {natural phenomena,animation,fluid dynamics,physically-based modeling,Computational,Rendering},
  pages =	 {391--400}
}

@misc{tensorflow2015,
  title =	 {{TensorFlow}: Large-Scale Machine Learning on Heterogeneous Systems},
  note =	 {http://tensorflow.org/},
  author =	 { Mart\'{\i}n~Abadi and Ashish~Agarwal and Paul~Barham and Eugene~Brevdo and Zhifeng~Chen and {others.}},
  year =	 2015,
}

@misc{tensorflow2015short,
  title =	 {{TensorFlow}: Large-Scale Machine Learning on Heterogeneous Systems},
  url =		 {http://tensorflow.org/},
  year =	 2015,
}

@misc{thuerey2018,
  title =	 {Deep Learning Methods for Reynolds-Averaged Navier-Stokes Simulations of Airfoil Flows},
  author =	 {Nils Thuerey and Konstantin Weissenow and Lukas Prantl and Xiangyu Hu},
  year =	 2018,
  eprint =	 {1810.08217},
  archivePrefix ={arXiv},
  primaryClass = {cs.LG}
}

@article{thuerey2020deep,
  title={Deep learning methods for Reynolds-averaged Navier--Stokes simulations of airfoil flows},
  author={Thuerey, Nils and Wei{\ss}enow, Konstantin and Prantl, Lukas and Hu, Xiangyu},
  journal={AIAA Journal},
  volume={58},
  number={1},
  pages={25--36},
  year={2020},
  publisher={American Institute of Aeronautics and Astronautics}
}

@inproceedings{tompson2017,
  title =	 {Accelerating Eulerian Fluid Simulation With Convolutional Networks},
  booktitle =	 {Proceedings of Machine Learning Research},
  author =	 {Tompson, Jonathan and Schlachter, Kristofer and Sprechmann, Pablo and Perlin, Ken},
  year =	 2017,
  pages =	 {3424--3433}
}

@article{um2014,
  title =	 {Advanced Hybrid Particle-Grid Method with Sub-Grid Particle Correction},
  volume =	 33,
  copyright =	 {\textcopyright{} 2014 The Author(s) Computer Graphics Forum \textcopyright{} 2014 The Eurographics Association and John Wiley \& Sons Ltd. Published by John Wiley \& Sons Ltd.},
  issn =	 {1467-8659},
  doi =		 {10.1111/cgf.12489},
  number =	 7,
  journal =	 {Computer Graphics Forum},
  author =	 {Um, Kiwon and Baek, Seungho and Han, JungHyun},
  month =	 oct,
  year =	 2014,
  pages =	 {209--218}
}

@article{um2017percept,
  title =	 {Perceptual Evaluation of Liquid Simulation Methods},
  volume =	 36,
  issn =	 {0730-0301},
  doi =		 {10.1145/3072959.3073633},
  number =	 4,
  journal =	 {ACM Trans. Graph.},
  author =	 {Um, Kiwon and Hu, Xiangyu and Thuerey, Nils},
  month =	 jul,
  year =	 2017,
  keywords =	 {crowd-sourcing,fluid-implicit-particle,liquid simulation,perceptual evaluation,Smoothed particle hydrodynamics},
  pages =	 {143:1--143:12}
}

@article{um2018,
  title =	 {Liquid Splash Modeling with Neural Networks},
  volume =	 37,
  copyright =	 {\textcopyright{} 2018 The Author(s) Computer Graphics Forum \textcopyright{} 2018 The Eurographics Association and John Wiley \& Sons Ltd. Published by John Wiley \& Sons Ltd.},
  issn =	 {1467-8659},
  number =	 8,
  journal =	 {Computer Graphics Forum},
  doi =		 {10.1111/cgf.13522},
  author =	 {Um, Kiwon and Hu, Xiangyu and Thuerey, Nils},
  month =	 dec,
  year =	 2018,
  pages =	 {171-182}
}

@article {xiao2019,
  journal =	 {Computer Graphics Forum},
  title =	 {A {CNN}-based Flow Correction Method for Fast Preview},
  author =	 {Xiao, Xiangyun and Wang, Hui and Yang, Xubo},
  year =	 2019,
  publisher =	 {The Eurographics Association and John Wiley & Sons Ltd.},
  ISSN =	 {1467-8659},
  DOI =		 {10.1111/cgf.13649}
}

@article{xie2018,
  title={tempogan: A temporally coherent, volumetric gan for super-resolution fluid flow},
  author={Xie, You and Franz, Erik and Chu, Mengyu and Thuerey, Nils},
  journal={ACM Transactions on Graphics (TOG)},
  volume={37},
  number={4},
  pages={1--15},
  year={2018},
  publisher={ACM}
}


@article{yang2014,
  title =	 {Hybrid Particle-Grid Modeling for Multi-Scale Droplet/Spray Simulation},
  volume =	 33,
  copyright =	 {\textcopyright{} 2014 The Author(s) Computer Graphics Forum \textcopyright{} 2014 The Eurographics Association and John Wiley \& Sons Ltd. Published by John Wiley \& Sons Ltd.},
  issn =	 {1467-8659},
  doi =		 {10.1111/cgf.12488},
  number =	 7,
  journal =	 {Computer Graphics Forum},
  author =	 {Yang, Lipeng and Li, Shuai and Hao, Aimin and Qin, Hong},
  month =	 oct,
  year =	 2014,
  pages =	 {199--208}
}

@inproceedings{yang2015,
  address =	 {New York, NY, USA},
  series =	 {VRST '15},
  title =	 {A Novel Integrated Analysis-and-Simulation Approach for Detail Enhancement in {FLIP} Fluid Interaction},
  isbn =	 {978-1-4503-3990-2},
  doi =		 {10.1145/2821592.2821598},
  booktitle =	 {Proceedings of the 21st ACM Symposium on Virtual Reality Software and Technology},
  publisher =	 {ACM},
  author =	 {Yang, Lipeng and Li, Shuai and Xia, Qing and Qin, Hong and Hao, Aimin},
  year =	 2015,
  pages =	 {103--112}
}

@article{yang2016,
  title =	 {Data-Driven Projection Method in Fluid Simulation},
  copyright =	 {Copyright \textcopyright{} 2016 John Wiley \& Sons, Ltd.},
  issn =	 {1546-427X},
  doi =		 {10.1002/cav.1695},
  journal =	 {Computer Animation and Virtual Worlds},
  author =	 {Yang, Cheng and Yang, Xubo and Xiao, Xiangyun},
  month =	 jan,
  year =	 2016,
  pages =	 {415--424},
}

@article{zehnder2018,
  title =	 {An Advection-Reflection Solver for Detail-Preserving Fluid Simulation},
  volume =	 37,
  issn =	 {0730-0301},
  number =	 4,
  journal =	 {ACM Trans. Graph.},
  doi =		 {10.1145/3197517.3201324},
  author =	 {Zehnder, Jonas and Narain, Rahul and Thomaszewski, Bernhard},
  month =	 jul,
  year =	 2018,
  pages =	 {85:1--85:8}
}

@article{zhang2018,
  title =	 {Application of Convolutional Neural Network to Predict Airfoil Lift Coefficient},
  ISBN =	 9781624105326,
  DOI =		 {10.2514/6.2018-1903},
  journal =	 {Structures, Structural Dynamics, and Materials Conference},
  publisher = {American Institute of Aeronautics and Astronautics},
  author =	 {Zhang, Yao and Sung, Woong Je and Mavris, Dimitri N.},
  year =	 2018,
}

@article{zhu2005,
  author =	 {Zhu, Yongning and Bridson, Robert},
  title =	 {Animating Sand As a Fluid},
  journal =	 {ACM Trans. Graph.},
  issue_date =	 {July 2005},
  volume =	 24,
  number =	 3,
  month =	 jul,
  year =	 2005,
  issn =	 {0730-0301},
  pages =	 {965--972},
  doi =		 {10.1145/1073204.1073298},
  acmid =	 1073298,
  publisher =	 {ACM},
  address =	 {New York, NY, USA},
}


@article{murphy2004quantification,
  title={Quantification of modelling uncertainties in a large ensemble of climate change simulations},
  author={Murphy, James M and Sexton, David MH and Barnett, David N and Jones, Gareth S and Webb, Mark J and Collins, Matthew and Stainforth, David A},
  journal={Nature},
  volume={430},
  number={7001},
  pages={768},
  year={2004},
  publisher={Nature Publishing Group}
}

@book{strikwerda2004finite,
  title={Finite difference schemes and partial differential equations},
  author={Strikwerda, John C},
  volume={88},
  year={2004},
  publisher={Siam}
}

@article{barsinai2018oldArxiv,
  title={Data-driven discretization: a method for systematic coarse graining of partial differential equations},
  author={Bar-Sinai, Yohai and Hoyer, Stephan and Hickey, Jason and Brenner, Michael P},
  journal={arXiv:1808.04930},
  year={2018}
}
@article{barsinai2019data,
  title={Learning data-driven discretizations for partial differential equations},
  author={Bar-Sinai, Yohai and Hoyer, Stephan and Hickey, Jason and Brenner, Michael P},
  journal={Proceedings of the National Academy of Sciences},
  volume={116},
  number={31},
  pages={15344--15349},
  year={2019},
  publisher={National Acad Sciences}
}

@article{brunton2016discovering,
  title={Discovering governing equations from data by sparse identification of nonlinear dynamical systems},
  author={Brunton, Steven L and Proctor, Joshua L and Kutz, J Nathan},
  journal={Proceedings of the National Academy of Sciences},
  volume={113},
  number={15},
  pages={3932--3937},
  year={2016},
  publisher={National Acad Sciences}
}

@article{long2017pde,
	  title={{PDE-Net}: Learning {PDEs} from Data},
	  author={Long, Zichao and Lu, Yiping and Ma, Xianzhong and Dong, Bin},
	  journal={arXiv:1710.09668},
	  year={2017}
}

@article{raissi2018hiddenphys,
  title={Hidden physics models: Machine learning of nonlinear partial differential equations},
  author={Raissi, Maziar and Karniadakis, George Em},
  journal={Journal of Computational Physics},
  volume={357},
  pages={125--141},
  year={2018},
  publisher={Elsevier}
}

@article{raissi2018hiddenfluid,
  title={Hidden fluid mechanics: A Navier-Stokes informed deep learning framework for assimilating flow visualization data},
  author={Raissi, Maziar and Yazdani, Alireza and Karniadakis, George Em},
  journal={arXiv:1808.04327},
  year={2018}
}


@article{verma2018efficient,
  title={Efficient collective swimming by harnessing vortices through deep reinforcement learning},
  author={Verma, Siddhartha and Novati, Guido and Koumoutsakos, Petros},
  journal={Proceedings of the National Academy of Sciences},
  volume={115},
  number={23},
  pages={5849--5854},
  year={2018},
  publisher={National Acad Sciences}
}

@article{cummins2018separated,
  title={A separated vortex ring underlies the flight of the dandelion},
  author={Cummins, Cathal and Seale, Madeleine and Macente, Alice and Certini, Daniele and Mastropaolo, Enrico and Viola, Ignazio Maria and Nakayama, Naomi},
  journal={Nature},
  volume={562},
  number={7727},
  pages={414},
  year={2018},
  publisher={Nature Publishing Group}
}

@article{zhang2018deepcg,
  title={DeePCG: Constructing coarse-grained models via deep neural networks},
  author={Zhang, Linfeng and Han, Jiequn and Wang, Han and Car, Roberto and E, Weinan},
  journal={The Journal of chemical physics},
  volume={149},
  number={3},
  pages={034101},
  year={2018},
  publisher={AIP Publishing}
}

@book{lewis1984computational,
  title={Computational methods of neutron transport},
  author={Lewis, Elmer Eugene and Miller, Warren F},
  year={1984}
}

@incollection{randall2007climate,
  title={Climate models and their evaluation},
  author={Randall, David A and Wood, Richard A and Bony, Sandrine and Colman, Robert and Fichefet, Thierry and Fyfe, John and Kattsov, Vladimir and Pitman, Andrew and Shukla, Jagadish and Srinivasan, Jayaraman and others},
  booktitle={Report of the IPCC (FAR)},
  pages={589--662},
  year={2007},
  publisher={Cambridge University Press}
}


% new 

@article{hsieh2019learning,
  title={Learning neural PDE solvers with convergence guarantees},
  author={Hsieh, Jun-Ting and Zhao, Shengjia and Eismann, Stephan and Mirabella, Lucia and Ermon, Stefano},
  journal={arXiv:1906.01200},
  year={2019}
}

@article{sharma2018weakly,
  title={Weakly-supervised deep learning of heat transport via physics informed loss},
  author={Sharma, Rishi and Farimani, Amir Barati and Gomes, Joe and Eastman, Peter and Pande, Vijay},
  journal={arXiv:1807.11374},
  year={2018}
}

@article{mills2017deep,
  title={Deep learning and the Schr{\"o}dinger equation},
  author={Mills, Kyle and Spanner, Michael and Tamblyn, Isaac},
  journal={Physical Review A},
  volume={96},
  number={4},
  pages={042113},
  year={2017},
  publisher={APS}
}

@inproceedings{liang2019differentiable,
  title={Differentiable Cloth Simulation for Inverse Problems},
  author={Liang, Junbang and Lin, Ming and Koltun, Vladlen},
  booktitle={Advances in Neural Information Processing Systems},
  pages={771--780},
  year={2019}
}

@inproceedings{rasheed2020learning,
  title={Learning to Measure the Static Friction Coefficient in Cloth Contact},
  author={Rasheed, Abdullah-Haroon and Romero, Victor and Bertails-Descoubes, Florence and Wuhrer, Stefanie and Franco, Jean-S{\'e}bastien and Lazarus, Arnaud},
  booktitle={The Conference on Computer Vision and Pattern Recognition},
  year={2020}
}

@article{wang2020differentiable,
  title={Differentiable Molecular Simulations for Control and Learning},
  author={Wang, Wujie and Axelrod, Simon and G{\'o}mez-Bombarelli, Rafael},
  journal={arXiv:2003.00868},
  year={2020}
}

% new may5

@article{mohan2019compressed,
  title =	 {Compressed Convolutional {LSTM}: An Efficient Deep Learning framework to Model High Fidelity 3D Turbulence},
  author={Mohan, Arvind and Daniel, Don and Chertkov, Michael and Livescu, Daniel},
  journal={arXiv:1903.00033},
  year={2019}
}

@article{hu2019difftaichi,
  title={DiffTaichi: Differentiable Programming for Physical Simulation},
  author={Hu, Yuanming and Anderson, Luke and Li, Tzu-Mao and Sun, Qi and Carr, Nathan and Ragan-Kelley, Jonathan and Durand, Fr{\'e}do},
  journal={International Conference on Learning Representations (ICLR)},
  year={2020}
}

@article{schoenholz2019jax,
  title={JAX, MD: End-to-End Differentiable, Hardware Accelerated, Molecular Dynamics in Pure Python},
  author={Schoenholz, Samuel S and Cubuk, Ekin D},
  journal={arXiv:1912.04232},
  year={2019}
}

@article{he2020advectivenet,
  title={AdvectiveNet: An Eulerian-Lagrangian Fluidic reservoir for Point Cloud Processing},
  author={He, Xingzhe and Cao, Helen Lu and Zhu, Bo},
  journal={International Conference on Learning Representations (ICLR)},
  year={2020}
}

@article{seo2020graphphysics,
  title={Physics-aware Difference Graph Networks for Sparsely-Observed Dynamics},
  author={Seo, Sungyong and Meng, Chuizheng and Liu, Yan},
  journal={International Conference on Learning Representations (ICLR)},
  year={2020}
}


@inproceedings{greydanus2019hamiltonian,
  title={Hamiltonian Neural Networks},
  author={Greydanus, Samuel and Dzamba, Misko and Yosinski, Jason},
  booktitle={Advances in Neural Information Processing Systems},
  pages={15353--15363},
  year={2019}
}

@article{cranmer2020lagrangian,
  title={Lagrangian Neural Networks},
  author={Cranmer, Miles and Greydanus, Sam and Hoyer, Stephan and Battaglia, Peter and Spergel, David and Ho, Shirley},
  journal={arXiv:2003.04630},
  year={2020}
}

@article{crutchfield1987equations,
  title={Equations of motion from a data series},
  author={Crutchfield, James P and McNamara, Bruce S},
  journal={Complex systems},
  volume={1},
  number={417-452},
  pages={121},
  year={1987}
}

@article{kevrekidis2003equation,
  title={Equation-free, coarse-grained multiscale computation: Enabling mocroscopic simulators to perform system-level analysis},
  author={Kevrekidis, Ioannis G and Gear, C William and Hyman, James M and Kevrekidid, Panagiotis G and Runborg, Olof and Theodoropoulos, Constantinos and others},
  journal={Communications in Mathematical Sciences},
  volume={1},
  number={4},
  pages={715--762},
  year={2003},
  publisher={International Press of Boston}
}

@article{johnston2004non,
  title={Non-Newtonian blood flow in human right coronary arteries: steady state simulations},
  author={Johnston, Barbara M and Johnston, Peter R and Corney, Stuart and Kilpatrick, David},
  journal={Journal of biomechanics},
  volume={37},
  number={5},
  pages={709--720},
  year={2004},
  publisher={Elsevier}
}


@article{weinan2017proposal,
    title={A proposal on machine learning via dynamical systems},
    author={Weinan, E},
    journal={Communications in Mathematics and Statistics},
    volume={5},
    number={1},
    pages={1--11},
    year={2017},
    publisher={Springer}
}

@inproceedings{unet2015,
  title={U-net: Convolutional networks for biomedical image segmentation},
  author={Ronneberger, Olaf and Fischer, Philipp and Brox, Thomas},
  booktitle={International Conference on Medical Image Computing and Computer-Assisted Intervention},
  pages={234--241},
  year={2015},
  organization={Springer}
}


@article{holl2020,
  title={Learning to Control PDEs with Differentiable Physics},
  author={Holl, Philipp and Koltun, Vladlen and Thuerey, Nils},
  journal={International Conference on Learning Representations (ICLR)},
  year={2020}
}

@article{scalarflow,
  title={ScalarFlow: a large-scale volumetric data set of real-world scalar transport flows for computer animation and machine learning},
  author={Eckert, Marie-Lena and Um, Kiwon and Thuerey, Nils},
  journal={ACM Transactions on Graphics (TOG)},
  volume={38},
  number={6},
  pages={1--16},
  year={2019},
  publisher={ACM New York, NY, USA}
}

@article{wiewel2020latent,
  title={Latent Space Subdivision: Stable and Controllable Time Predictions for Fluid Flow},
  author={Wiewel, Steffen and Kim, Byungsoo and Azevedo, Vinicius C and Solenthaler, Barbara and Thuerey, Nils},
  journal={arXiv:2003.08723},
  year={2020}
}

@inproceedings{wiewel2019,
  title={Latent space physics: Towards learning the temporal evolution of fluid flow},
  author={Wiewel, Steffen and Becher, Moritz and Thuerey, Nils},
  booktitle={Computer Graphics Forum},
  volume={38},
  number={2},
  year={2019},
}

@article{ummenhofer2020,
  title={Lagrangian Fluid Simulation with Continuous Convolutions},
  author={B. Ummenhofer and L. Prantl and N. Thuerey and V. Koltun},
  journal={International Conference on Learning Representations (ICLR)},
  year={2020}
}

@article{weiss2020ssc,
    title={Sparse Surface Constraints for Combining Physics-based Elasticity Simulation and Correspondence-Free Object Reconstruction},
    author={Sebastian Weiss and Robert Maier and Ruediger Westermann and Daniel Cremers and Nils Thuerey},
    journal={IEEE Conference on Computer Vision and Pattern Recognition (CVPR)},
    year={2020}
}

@inproceedings{TecoGAN,
  title={Learning Temporal Coherence via Self-Supervision for GAN-based Video Generation},
  author={Mengyu Chu and You Xie and Jonas Mayer and Laura Leal-Taixe and Nils Thuerey},
  booktitle={ACM Transactions on Graphics (TOG)},
  year={2020},
  organization={ACM}
}


@article{prantl2020,
  title={Tranquil Clouds: Neural Networks for Learning Temporally Coherent Features in Point Clouds},
  author={L. Prantl and N. Chentanez and S. Jeschke and N. Thuerey},
  journal={International Conference on Learning Representations (ICLR)},
  year={2020}
}

@inproceedings{morton2018deep,
  title={Deep dynamical modeling and control of unsteady fluid flows},
  author={Morton, Jeremy and Jameson, Antony and Kochenderfer, Mykel J and Witherden, Freddie},
  booktitle={Advances in Neural Information Processing Systems},
  year={2018}
}

@article{morton2019parameter,
  title={Parameter-Conditioned Sequential Generative Modeling of Fluid Flows},
  author={Morton, Jeremy and Witherden, Freddie D and Kochenderfer, Mykel J},
  journal={arXiv:1912.06752},
  year={2019}
}
@article{li2019learning,
  title={Learning Compositional Koopman Operators for Model-Based Control},
  author={Li, Yunzhu and He, Hao and Wu, Jiajun and Katabi, Dina and Torralba, Antonio},
  journal={arXiv:1910.08264},
  year={2019}
}

% weather and climate 

@article{jones1997latent,
  title={A latent heat nudging scheme for the assimilation of precipitation data into an operational mesoscale model},
  author={Jones, CD and Macpherson, B},
  journal={Meteorological Applications},
  volume={4},
  number={3},
  pages={269--277},
  year={1997},
  publisher={Cambridge University Press}
}

@article{stephan2008assimilation,
  title={Assimilation of radar-derived rain rates into the convective-scale model COSMO-DE at DWD},
  author={Stephan, Klaus and Klink, S and Schraff, C},
  journal={Quarterly Journal of the Royal Meteorological Society},
  volume={134},
  number={634},
  pages={1315--1326},
  year={2008},
  publisher={Wiley Online Library}
}

@article{rasp2020weatherbench,
  title={WeatherBench: A benchmark dataset for data-driven weather forecasting},
  author={Rasp, Stephan and Dueben, Peter D and Scher, Sebastian and Weyn, Jonathan A and Mouatadid, Soukayna and Thuerey, Nils},
  journal={arXiv:2002.00469},
  year={2020}
}
@article{weyn2020improving,
  title={Improving data-driven global weather prediction using deep convolutional neural networks on a cubed sphere},
  author={Weyn, Jonathan A and Durran, Dale R and Caruana, Rich},
  journal={arXiv:2003.11927},
  year={2020}
}

@article{sonderby2020metnet,
  title={MetNet: A Neural Weather Model for Precipitation Forecasting},
  author={S{\o}nderby, Casper Kaae and Espeholt, Lasse and Heek, Jonathan and Dehghani, Mostafa and Oliver, Avital and Salimans, Tim and Agrawal, Shreya and Hickey, Jason and Kalchbrenner, Nal},
  journal={arXiv:2003.12140},
  year={2020}
}

% ca. 300 cites
@inproceedings{sharma2011predicting,
  title={Predicting solar generation from weather forecasts using machine learning},
  author={Sharma, Navin and Sharma, Pranshu and Irwin, David and Shenoy, Prashant},
  booktitle={2011 IEEE international conference on smart grid communications (SmartGridComm)},
  pages={528--533},
  year={2011},
  organization={IEEE}
}

% 650 cites
@article{pielke1998interactions,
  title={Interactions between the atmosphere and terrestrial ecosystems: influence on weather and climate},
  author={Pielke, Roger A and Avissar, RonI and Raupach, Michael and Dolman, A Johannes and Zeng, Xubin and Denning, A Scott},
  journal={Global change biology},
  volume={4},
  number={5},
  pages={461--475},
  year={1998},
  publisher={Wiley Online Library}
}

% several k
@article{taylor2012overview,
  title={An overview of CMIP5 and the experiment design},
  author={Taylor, Karl E and Stouffer, Ronald J and Meehl, Gerald A},
  journal={Bulletin of the American Meteorological Society},
  volume={93},
  number={4},
  pages={485--498},
  year={2012},
  publisher={American Meteorological Society}
}
@article{stocker2013climate,
  title={Climate change 2013: The physical science basis},
  author={Stocker, Thomas F and Qin, Dahe and Plattner, Gian-Kasper and Tignor, Melinda and Allen, Simon K and Boschung, Judith and Nauels, Alexander and Xia, Yu and Bex, Vincent and Midgley, Pauline M and others},
  journal={Contribution of working group I to the fifth assessment report of the intergovernmental panel on climate change},
  volume={1535},
  year={2013},
  publisher={Cambridge university press CambridgeNew York}
}


% classic flow sim

@article{rhie1983numerical,
  title={Numerical study of the turbulent flow past an airfoil with trailing edge separation},
  author={Rhie, CM and Chow, W Li},
  journal={AIAA journal},
  volume={21},
  number={11},
  pages={1525--1532},
  year={1983}
}

@article{ghosal1996analysis,
  title={An analysis of numerical errors in large-eddy simulations of turbulence},
  author={Ghosal, Sandip},
  journal={Journal of Computational Physics},
  volume={125},
  number={1},
  pages={187--206},
  year={1996},
  publisher={Elsevier}
}

@article{brachet1983small,
  title={Small-scale structure of the Taylor--Green vortex},
  author={Brachet, Marc E and Meiron, Daniel I and Orszag, Steven A and Nickel, BG and Morf, Rudolf H and Frisch, Uriel},
  journal={Journal of Fluid Mechanics},
  volume={130},
  pages={411--452},
  year={1983},
  publisher={Cambridge University Press}
}
@article{pang1997error,
  title={Error bounds in mathematical programming},
  author={Pang, Jong-Shi},
  journal={Mathematical Programming},
  volume={79},
  number={1-3},
  pages={299--332},
  year={1997},
  publisher={Springer}
}

@book{golub2012matrix,
  title={Matrix computations},
  author={Golub, Gene H and Van Loan, Charles F},
  volume={3},
  year={2012},
  publisher={JHU press}
}


@article{sanchez2020gns,
  title={Learning to Simulate Complex Physics with Graph Networks},
  author={Sanchez-Gonzalez, Alvaro and Godwin, Jonathan and Pfaff, Tobias and Ying, Rex and Leskovec, Jure and Battaglia, Peter W},
  journal={arXiv:2002.09405},
  year={2020}
}

@article{sanchez2018graph,
  title={Graph networks as learnable physics engines for inference and control},
  author={Sanchez-Gonzalez, Alvaro and Heess, Nicolas and Springenberg, Jost Tobias and Merel, Josh and Riedmiller, Martin and Hadsell, Raia and Battaglia, Peter},
  journal={arXiv:1806.01242},
  year={2018}
}

@inproceedings{ummenhofer2020lagrangian,
  title={Lagrangian fluid simulation with continuous convolutions},
  author={Ummenhofer, Benjamin and Prantl, Lukas and Thuerey, Nils and Koltun, Vladlen},
  booktitle={International Conference on Learning Representations},
  year={2020}
}

@article{li2018learning,
  title={Learning particle dynamics for manipulating rigid bodies, deformable objects, and fluids},
  author={Li, Yunzhu and Wu, Jiajun and Tedrake, Russ and Tenenbaum, Joshua B and Torralba, Antonio},
  journal={arXiv:1810.01566},
  year={2018}
}

@techreport{mehta2016,
  author =	 {Mehta, Unmeel B. and Eklund, Dean R. and Romero, Vicente J. and Pearce, Jeffrey A. and Keim, Nicholas S.},
  title =	 {Simulation Credibility: Advances in Verification, Validation, and Uncertainty Quantification},
  year =	 2016,
  institution =	 {NASA Ames Research Center; Moffett Field, CA United States},
}

@book{press2007,
  author =	 {Press, William H. and Teukolsky, Saul A. and Vetterling, William T. and Flannery, Brian P.},
  title =	 {Numerical Recipes},
  year =	 2007,
  isbn =	 {9780521880688},
  edition =	 3,
  publisher = {Cambridge University Press},
}

@book{arnold2012ode,
  title={Geometrical methods in the theory of ordinary differential equations},
  author={Arnold, Vladimir Igorevich},
  volume={250},
  year={2012},
  publisher={Springer Science \& Business Media}
}

@article{chorin1967numerical,
  title={The numerical solution of the Navier-Stokes equations for an incompressible fluid},
  author={Chorin, Alexandre Joel},
  journal={Bulletin of the American Mathematical Society},
  volume={73},
  number={6},
  pages={928--931},
  year={1967}
}

@article{connor1994recurrent,
  title={Recurrent neural networks and robust time series prediction},
  author={Connor, Jerome T and Martin, R Douglas and Atlas, Les E},
  journal={IEEE transactions on neural networks},
  volume={5},
  number={2},
  pages={240--254},
  year={1994},
  publisher={IEEE}
}

@inproceedings{vaswani2017attention,
  title={Attention is all you need},
  author={Vaswani, Ashish and Shazeer, Noam and Parmar, Niki and Uszkoreit, Jakob and Jones, Llion and Gomez, Aidan N and Kaiser, {\L}ukasz and Polosukhin, Illia},
  booktitle={Advances in neural information processing systems},
  pages={5998--6008},
  year={2017}
}



@inproceedings{sutskever2014sequence,
  title={Sequence to sequence learning with neural networks},
  author={Sutskever, Ilya and Vinyals, Oriol and Le, Quoc V},
  booktitle={Advances in neural information processing systems},
  pages={3104--3112},
  year={2014}
}

@inproceedings{schenck2018spnets,
  title={SPNets: Differentiable Fluid Dynamics for Deep Neural Networks},
  author={Schenck, Connor and Fox, Dieter},
  booktitle={Conference on Robot Learning},
  pages={317--335},
  year={2018}
}


@article{battaglia2013simulation,
  title={Simulation as an engine of physical scene understanding},
  author={Battaglia, Peter W and Hamrick, Jessica B and Tenenbaum, Joshua B},
  journal={Proceedings of the National Academy of Sciences},
  volume={110},
  number={45},
  year={2013},
}

@inproceedings{watters2017visual,
  title={Visual interaction networks: Learning a physics simulator from video},
  author={Watters, Nicholas and Zoran, Daniel and Weber, Theophane and Battaglia, Peter and Pascanu, Razvan and Tacchetti, Andrea},
  booktitle={Advances in neural information processing systems},
  year={2017}
}

@inproceedings{bapst2019structured,
  title={Structured agents for physical construction},
  author={Bapst, Victor and Sanchez-Gonzalez, Alvaro and Doersch, Carl and Stachenfeld, Kimberly and Kohli, Pushmeet and Battaglia, Peter and Hamrick, Jessica},
  booktitle={International Conference on Machine Learning},
  pages={464--474},
  year={2019}
}

@inproceedings{amosKolter2017,
  title={{OptNet}: Differentiable optimization as a layer in neural networks},
  author={Amos, Brandon and Kolter, J Zico},
  booktitle={International Conference on Machine Learning},
  year={2017},
}

@inproceedings{de2018end,
  title={End-to-end differentiable physics for learning and control},
  author={de Avila Belbute-Peres, Filipe and Smith, Kevin and Allen, Kelsey and Tenenbaum, Josh and Kolter, J Zico},
  booktitle={Advances in neural information processing systems},
  year={2018}
}


@inproceedings{toussaint2018differentiable,
  title={Differentiable physics and stable modes for tool-use and manipulation planning},
  author={Toussaint, Marc and Allen, Kelsey and Smith, Kevin and Tenenbaum, Joshua B},
  booktitle={Robotics: Science and Systems},
  year={2018}
}


@article{rajani2009numerical,
  title={Numerical simulation of laminar flow past a circular cylinder},
  author={Rajani, BN and Kandasamy, A and Majumdar, Sekhar},
  journal={Applied Mathematical Modelling},
  volume={33},
  number={3},
  pages={1228--1247},
  year={2009},
  publisher={Elsevier}
}

@misc{shewchuk1994introduction,
  title={An introduction to the conjugate gradient method without the agonizing pain},
  author={Shewchuk, Jonathan Richard},
  year={1994},
  publisher={Carnegie-Mellon University. Department of Computer Science}
}

@article{hestenes1952cg,
  title={Methods of conjugate gradients for solving linear systems},
  author={Hestenes, Magnus R and Stiefel, Eduard and others},
  journal={Journal of research of the National Bureau of Standards},
  volume={49},
  number={6},
  pages={409--436},
  year={1952}
}

@article{sirignano2018dgm,
  title={DGM: A deep learning algorithm for solving partial differential equations},
  author={Sirignano, Justin and Spiliopoulos, Konstantinos},
  journal={Journal of Computational Physics},
  volume={375},
  pages={1339--1364},
  year={2018},
  publisher={Elsevier}
}



@article{kalnay1996ncep,
  title={The NCEP/NCAR 40-year reanalysis project},
  author={Kalnay, Eugenia and Kanamitsu, Masao and Kistler, Robert and Collins, William and Deaven, Dennis and Gandin, Lev and Iredell, Mark and Saha, Suranjana and White, Glenn and Woollen, John and others},
  journal={Bulletin of the American meteorological Society},
  volume={77},
  number={3},
  pages={437--472},
  year={1996},
  publisher={American Meteorological Society}
}

@article{chapelle2013fundamental,
  title={Fundamental principles of data assimilation underlying the Verdandi library: applications to biophysical model personalization within euHeart},
  author={Chapelle, Dominique and Fragu, Marc and Mallet, Vivien and Moireau, Philippe},
  journal={Medical \& biological engineering \& computing},
  volume={51},
  number={11},
  pages={1221--1233},
  year={2013},
  publisher={Springer}
}

@book{asch2016data,
  title={Data assimilation: methods, algorithms, and applications},
  author={Asch, Mark and Bocquet, Marc and Nodet, Ma{\"e}lle},
  volume={11},
  year={2016},
  publisher={SIAM}
}

@article{evensen1994sequential,
  title={Sequential data assimilation with a nonlinear quasi-geostrophic model using Monte Carlo methods to forecast error statistics},
  author={Evensen, Geir},
  journal={Journal of Geophysical Research: Oceans},
  volume={99},
  number={C5},
  pages={10143--10162},
  year={1994},
  publisher={Wiley Online Library}
}

@inproceedings{xi2011automatic,
  title={An automatic data assimilation framework for patient-specific myocardial mechanical parameter estimation},
  author={Xi, Jiahe and Lamata, Pablo and Shi, Wenzhe and Niederer, Steven and Land, Sander and Rueckert, Daniel and Duckett, Simon G and Shetty, Anoop K and Rinaldi, C Aldo and Razavi, Reza and others},
  booktitle={International Conference on Functional Imaging and Modeling of the Heart},
  pages={392--400},
  year={2011},
  organization={Springer}
}

@article{hoteit2002simplified,
  title={A simplified reduced order Kalman filtering and application to altimetric data assimilation in Tropical Pacific},
  author={Hoteit, Ibrahim and Pham, Dinh-Tuan and Blum, Jacques},
  journal={Journal of Marine systems},
  volume={36},
  number={1-2},
  pages={101--127},
  year={2002},
  publisher={Elsevier}
}

@article{auroux2005back,
  title={Back and forth nudging algorithm for data assimilation problems},
  author={Auroux, Didier and Blum, Jacques},
  journal={Comptes Rendus Mathematique},
  volume={340},
  number={12},
  pages={873--878},
  year={2005},
  publisher={Elsevier}
}

@article{henderson1975best,
  title={Best linear unbiased estimation and prediction under a selection model},
  author={Henderson, Charles R},
  journal={Biometrics},
  pages={423--447},
  year={1975},
  publisher={JSTOR}
}

@article{innes2019differentiable,
  title={A differentiable programming system to bridge machine learning and scientific computing},
  author={Innes, Mike and Edelman, Alan and Fischer, Keno and Rackauckas, Chris and Saba, Elliot and Shah, Viral B and Tebbutt, Will},
  journal={arXiv 1907.07587},
  year={2019}
}

@inproceedings{chen2018neural,
  title={Neural ordinary differential equations},
  author={Chen, Tian Qi and Rubanova, Yulia and Bettencourt, Jesse and Duvenaud, David K},
  booktitle={Advances in neural information processing systems},
  pages={6571--6583},
  year={2018}
}

@book{mathews1970mathematical,
  title={Mathematical methods of physics},
  author={Mathews, Jon and Walker, Robert Lee},
  volume={501},
  year={1970},
  publisher={WA Benjamin New York}
}

@article{fukami2019super,
  title={Super-resolution reconstruction of turbulent flows with machine learning},
  author={Fukami, Kai and Fukagata, Koji and Taira, Kunihiko},
  journal={Journal of Fluid Mechanics},
  volume={870},
  pages={106--120},
  year={2019},
  publisher={Cambridge University Press}
}

@book{hairer2006geometric,
  title={Geometric numerical integration: structure-preserving algorithms for ordinary differential equations},
  author={Hairer, Ernst and Lubich, Christian and Wanner, Gerhard},
  volume={31},
  year={2006},
  publisher={Springer Science \& Business Media}
}


